global_step,_timestamp,task_0_0__square_arena,General/env_index,task_2_2__no_cooperation,Scaled_returns/evaluation_3__easy_layout_scaled,Scaled_returns/evaluation_5__smallest_kitchen_scaled,task_3_3__easy_layout,General/shaped_reward_annealed_agent1,Evaluation/2__no_cooperation,_runtime,task_4_4__asymm_advantages,Scaled_returns/evaluation_2__no_cooperation_scaled,Losses/actor_loss,Evaluation/4__asymm_advantages,_step,General/learning_rate,Losses/entropy,task_5_5__smallest_kitchen,General/steps_for_env,returned_episode,returned_episode_returns,Evaluation/1__cramped_room,Evaluation/5__smallest_kitchen,returned_episode_lengths,General/shaped_reward_agent0,Losses/total_loss,Scaled_returns/evaluation_1__cramped_room_scaled,Scaled_returns/returned_episode_returns_scaled,Losses/value_loss,Evaluation/3__easy_layout,General/shaped_reward_agent1,General/update_step,task_1_1__cramped_room,Advantage_Targets/advantages,reward,General/shaped_reward_annealed_agent0,explore,Evaluation/0__square_arena,Scaled_returns/evaluation_4__asymm_advantages_scaled,Losses/reg_loss,General/explore,Scaled_returns/evaluation_0__square_arena_scaled,Advantage_Targets/targets,General/env_step
75,1746880403.9083617,,,,,,,,,120.740135504,,,,0.0,6,,,,,,,,,,,,,,,,,,,,,,,,,,,,,
75,1746880403.909761,,,,,,,0.07568694,,120.740255449,,,,,15,,,,,,,,,,,,,,,,,,,,,,,,,,,,,
75,1746880403.9106452,,,,,,,,,120.867211918,,,,,23,,,,,,,,,,,,,,,,,,,,,,,,,,,0.5405405,,
300,1746880416.8884165,,,,,,,,,120.86973212,,,,,126,,,,,,,,,,,61.372498,,,,,,,,,,,,,,,,,,
450,1746880425.5384092,,,,,0.0,,,,120.870665659,,,,,203,,,,,,,,,,,,,,,,,,,,,,,,,,,,,
525,1746880429.861538,,,,,,,,,120.870881008,,,,,221,0.0003,,,,,,,,,,,,,,,,,,,,,,,,,,,,
525,1746880429.8616066,,,,,,,,,120.870905391,,,,,223,,,,,,,,,,,,,,,,0.203125,,,,,,,,,,,,,
525,1746880429.8633916,,,,,,,,,120.871119701,,,,,241,,,,,,,,,400.0,,,,,,,,,,,,,,,,,,,,
600,1746880434.1858644,,,,,,,,,120.871202653,,,,,248,,,,,,,0.0,,,,,,,,,,,,,,,,,,,,,,
600,1746880434.185933,,,,,,,,,120.871226917,,,,,250,,,,,,,,,,,,,,,0.0,,,,,,,,,,,,,,
600,1746880434.1873438,,,,,,,,,120.871405503,,,,,265,,,,,,,,,,,,,,,,,,,,,,,,,0.0,,,,
600,1746880434.1878133,,,,,,,,,120.871428293,,,,,267,,,,,,,,,,,,,,219.13321,,,,,,,,,,,,,,,
750,1746880442.836705,,,,,,,,,120.872283945,,,,,325,,,,,,,,,,,,,,,,,,,,,,,,,,0.0,,,
825,1746880447.161171,,,,,,,,,120.87285665,,,,,351,,,,,,,,,,,,,,,,,,,,,,,,,,,,53.354767,
825,1746880447.1624775,,,,,,,,,120.873431157,,,,,369,,0.70498294,,,,,,,,,,,,,,,,,,,,,,,,,,,
900,1746880451.4869056,,,,,,,,,240.888601627,,,,,399,,,,,,,,,,,,,,,,,,,,,0.13495034,,,,,,,,
900,1746880451.4885404,,,,,0.0,,,,240.888954446,,,,,413,,,,,,,,,,,,,,,,,,,,,,,,,,,,,
975,1746880455.8121374,,,,,,,,,240.889806426,,,,,439,,0.64632624,,,,,,,,,,,,,,,,,,,,,,,,,,,
1050,1746880460.1366072,,,,,,,,,240.89021309,,,,,471,,,,2150400.0,,,,,,,,,,,,,,,,,,,,,,,,,
1050,1746880460.1374688,,,,,,,,,240.890320371,,0.0,,,480,,,,,,,,,,,,,,,,,,,,,,,,,,,,,
1200,1746880468.7853,,,,,,,,,240.890891987,,,,,530,,,,,,,,,,,,,,,0.0,,,,,,,,,,,,,,
1200,1746880468.7863138,,,,,,,,,240.890960152,,,,,536,0.0003,,,,,,,,,,,,,,,,,,,,,,,,,,,,
1200,1746880468.7865403,,,,,,,,,240.891042424,,,-0.02105489,,543,,,,,,,,,,,,,,,,,,,,,,,,,,,,,
1200,1746880468.7868793,,,,,,,,,240.89107756800001,,,,,546,,,,,,,,,,,105.57887,,,,,,,,,,,,,,,,,,
1425,1746880481.763064,,,,,,,,0.0,240.892099759,,,,,634,,,,,,,,,,,,,,,,,,,,,,,,,,,,,
1425,1746880481.7639265,,,,,,,,,240.892181845,,,,,641,0.0003,,,,,,,,,,,,,,,,,,,,,,,,,,,,
1575,1746880490.4154468,,,,,,,,,240.894025183,,,,,717,,,,,,,,,,,,,,,,,1575.0,,,,,,,,,,,,
1650,1746880494.7397041,,,,,,,,,240.89431677,,,,,742,,,,,,,,0.0,,,,,,,,,,,,,,,,,,,,,
1650,1746880494.741826,,,,,,,,,240.894586015,,,,,765,,,,,0.0078125,,,,,,,,,,,,,,,,,,,,,,,,
1725,1746880499.065466,,0.0,,,,,,,240.894733789,,,,,778,,,,,,,,,,,,,,,,,,,,,,,,,,,,,
1725,1746880499.067236,,,,0.0,,,,,240.894941196,,,,,796,,,,,,,,,,,,,,,,,,,,,,,,,,,,,
1725,1746880499.067933,,,,,,,,,240.895007805,,,,,802,,,,,,259.98047,,,,,,,,,,,,,,,,,,,,,,,
1800,1746880503.392946,,,,,,,,,240.895151949,,,,,814,,,,,,,,,,,,,,,,,,,,,,,,,,,,,3686400.0
1875,1746880507.7196314,,,,,,,0.10974151,,240.895620017,,,,,855,,,,,,,,,,,,,,,,,,,,,,,,,,,,,
1875,1746880507.7205498,,,,,,,,,240.895721905,,,,,864,,,,,,,,,,,,0.0,,,,,,,,,,,,,,,,,
1875,1746880507.720618,,,,0.0,,,,,240.895745599,,,,,866,,,,,,,,,,,,,,,,,,,,,,,,,,,,,
1950,1746880512.0439405,,,,,,,,,240.896382168,,,,,896,,,,,,,,,,,97.77161,,,,,,,,,,,,,,,,,,
1950,1746880512.0440419,,,,,,,,,240.896448596,,,,,899,,,,,,,,,,,,0.0,,,,,,,,,,,,,,,,,
1950,1746880512.0441387,,,,,,,,,240.896521123,,,,,902,,,,,,,,,,,,,,,,,,,,,,,,0.0,,,,,
2025,1746880516.3669531,,,,,,,,,240.897270589,,,,,929,,0.6838628,,,,,,,,,,,,,,,,,,,,,,,,,,,
2100,1746880520.6919525,,,,,,,,,240.898097256,,,,,979,,,,,,,,,,,,,0.97456414,,,,,,,,,,,,,,,,
2175,1746880525.0135877,,,,,,,,0.0,240.898158348,,,,,984,,,,,,,,,,,,,,,,,,,,,,,,,,,,,
2175,1746880525.013764,,,,,,,,,240.89821307,,,,,989,,,,,,,,,,,,,,,,,,,,,,,,,,,,,4454400.0
2175,1746880525.0153859,,,,,,,,,240.898360598,,,,,1002,,,,,,,,,,,,,,160.62753,,,,,,,,,,,,,,,
2250,1746880529.3384752,,,,,,,,,240.89863329,,,,,1026,0.0003,,,,,,,,,,,,,,,,,,,,,,,,,,,,
2250,1746880529.3386173,,,,,,,0.0876271,,240.898679356,,,,,1030,,,,,,,,,,,,,,,,,,,,,,,,,,,,,
2250,1746880529.3387253,,,,,,,,,240.898715393,,,-0.014177464,,1033,,,,,,,,,,,,,,,,,,,,,,,,,,,,,
2400,1746880537.9875424,,,,,,,,,240.899371405,,,,,1090,,,,,,,,,,,,,,,0.0,,,,,,,,,,,,,,
2475,1746880542.3118584,,,,,,,,,240.899750898,,,,,1123,,,,,,,0.0,,,,,,,,,,,,,,,,,,,,,,
2475,1746880542.3129492,,,,,,,,,240.899871151,,,,,1134,,,,,,,,,,,,,,,,,,,,,0.06659962,,,,,,,,
2475,1746880542.3140373,,,,,,,,,240.900053015,,,,,1150,,,,,0.0078125,,,,,,,,,,,,,,,,,,,,,,,,
2550,1746880546.6375906,,,,,,,,,240.900824886,,,,,1182,,,,,,,,,,,,,,,,,,,,,,,,0.0,,,,,
2625,1746880550.9602604,,,,,,,,,240.901134263,,,,,1191,,,,,,,,,,,,,,,,,,,,,,,,,,,,47.384308,
2625,1746880550.9632287,,,,,,,,,240.901737946,,,,,1222,,,,,,255.0293,,,,,,,,,,,,,,,,,,,,,,,
2700,1746880555.2851892,,,,,,,,,240.901887659,,,,,1235,,,,,,,,,,,,,,,,,,,,,,,,,,0.0,,,
2700,1746880555.2874796,,,,0.0,,,,,240.902069472,,,,,1251,,,,,,,,,,,,,,,,,,,,,,,,,,,,,
2775,1746880559.610358,,,,,,,,,240.902308791,,,,,1272,,,,,,,,,,0.15234375,,,,,,,,,,,,,,,,,,,
2775,1746880559.610763,,,,,,,,,240.902377406,,,-0.02049429,,1278,,,,,,,,,,,,,,,,,,,,,,,,,,,,,
2775,1746880559.6123679,,,,,,,,,240.902520378,,,,,1291,,,,,,,,,400.0,,,,,,,,,,,,,,,,,,,,
2850,1746880563.933352,,,,,,,,0.0,240.902616153,,,,,1299,,,,,,,,,,,,,,,,,,,,,,,,,,,,,
2850,1746880563.9335551,,,,,,,,,240.902680435,,,,,1305,,,,,,,,,,,,,,,,,,,,,,,,,,0.0,,,
2925,1746880568.259091,,,,,,,,,360.91870891,,,,,1341,0.0003,,,,,,,,,,,,,,,,,,,,,,,,,,,,
2925,1746880568.2591658,,,,,,,,,360.918744103,,,,,1343,,,,,,,,,,,,,,,,0.21386719,,,,,,,,,,,,,
3000,1746880572.5827622,,0.0,,,,,,,360.919129561,,,,,1373,,,,,,,,,,,,,,,,,,,,,,,,,,,,,
3075,1746880576.9091103,,,,,,,,,360.919829394,,,,,1431,,,,,,,,,400.0,,,,,,,,,,,,,,,,,,,,
3150,1746880581.2324708,,,,,,,,,360.919941774,,,,0.0,1441,,,,,,,,,,,,,,,,,,,,,,,,,,,,,
3150,1746880581.234885,,,,,,,,,360.920249061,,,,,1467,,,,,,257.49023,,,,,,,,,,,,,,,,,,,,,,,
3225,1746880585.5572336,,0.0,,,,,,,360.920373011,,,,,1478,,,,,,,,,,,,,,,,,,,,,,,,,,,,,
3375,1746880594.302433,,,,,,,,,360.921523062,,,,,1542,,,,,,,,,,,,,,,,,,,,,,,260.0,,,,,,
3450,1746880598.6266923,,,,,,,,,360.922540661,,,,,1575,,,,,,,,,,,,,,,,,,,-8.143374,,,,,,,,,,
3450,1746880598.6269462,,,,,,,,,360.922613963,,,,0.0,1581,,,,,,,,,,,,,,,,,,,,,,,,,,,,,
3450,1746880598.6294398,,,,,0.0,,,,360.922869601,,,,,1603,,,,,,,,,,,,,,,,,,,,,,,,,,,,,
3525,1746880602.9534051,,,,,,,,,360.923132465,,,,,1626,,,,7219200.0,,,,,,,,,,,,,,,,,,,,,,,,,
3525,1746880602.9534938,,,,,,,,,360.92317503,,,,,1629,,0.56246656,,,,,,,,,,,,,,,,,,,,,,,,,,,
3600,1746880607.2770994,,,,,,,,,360.923554163,,,,,1662,,,,,,,,,,,,,,,,,3600.0,,,,,,,,,,,,
3600,1746880607.2777646,,,,,,,,,360.923614071,,,,,1667,,,,,,,,,,,,,,141.53146,,,,,,,,,,,,,,,
3675,1746880611.6017447,,,,,,,,,360.923910592,,,,,1693,,,,,,,,,,,,,,,,0.20751953,,,,,,,,,,,,,
3675,1746880611.6019275,,,,,,,,,360.923978428,,,,,1699,,0.55223864,,,,,,,,,,,,,,,,,,,,,,,,,,,
3675,1746880611.6035318,,,,,,,,,360.924143341,,,,,1713,,,,,,,,,,,,,,,,,,,,0.6152344,,,,,,,,,
3750,1746880615.9257848,,,,,,,,,360.924182112,,,,,1716,,,,,,,,,,,,,,,,,,,,,,,,,,,,44.109035,
3750,1746880615.9280226,,,,,,,,,360.924498628,,,,,1744,,,,,,,,,,,,,,,,,,,,,,0.0,,,,,,,
3825,1746880620.2504733,,,,,,,,,360.924565443,,,,,1750,,,,,,,,,,,,,,,,,,,-7.7248664,,,,,,,,,,
3825,1746880620.2529721,,,,0.0,,,,,360.925046292,,,,,1776,,,,,,,,,,,,,,,,,,,,,,,,,,,,,
3900,1746880624.5768328,,,,,0.0,,,,360.925990146,,,,,1813,,,,,,,,,,,,,,,,,,,,,,,,,,,,,
3981,1746880759.5187497,,,,,,,,,480.945157644,,,,,1826,,,,,,,,,,,,,,,0.0,,,,,,,,,,,,,,
3981,1746880759.5207465,,,,,,,,,480.954557722,,,,,1845,,,,,,,,,,,,0.0,,,,,,,,,,,,,,,,,
3981,1746880759.5212598,,,,,0.0,,,,480.954607228,,,,,1849,,,,,,,,,,,,,,,,,,,,,,,,,,,,,
4056,1746880763.890214,,,,,,,,,480.954706262,,,,,1857,,,,,,,,,,,,,,,,,,,,,,,,,,,,4.4358706,
4056,1746880763.8928785,,,,,,,,,480.955076584,,,,,1888,,,,,,0.0,,,,,,,,,,,,,,,,,,,,,,,
4131,1746880768.266119,,,,,,,,,480.955224886,,,,,1900,,,,,,,,,,,,,,,,,,,,,,,,,,,,,460800.0
4131,1746880768.2669857,,,,,,,,,480.955307024,,,,,1907,,,,460800.0,,,,,,,,,,,,,,,,,,,,,,,,,
4206,1746880772.6404877,,,,,,,,,480.955633454,,,,,1935,,,,,,,,,,,,,,,,,,,,,,,,,,,,,614400.0
4206,1746880772.641195,,,,,,,,,480.95566753,,,,,1938,,,,,,,,,,0.0,,,,,,,,,,,,,,,,,,,
4281,1746880777.0169723,,,,,,,,,480.95618755,,,,,1983,,,,,,,,,,,,,,0.04434175,,,,,,,,,,,,,,,
4356,1746880781.3926268,,,,,,,,,480.956753807,,,,,2009,,,,,,,,,,,,,,,,0.0,,,,,,,,,,,,,
4356,1746880781.3932624,,,,,,,,,480.957019824,,,,,2019,,,,,,,,,,,,,,,,,,,,,,,,,,,0.98841697,,
4431,1746880785.7688444,,,,,,,,,480.957378472,,,,,2031,,,,,,,,,,,,,,,,,,,-0.00055674056,,,,,,,,,,
4431,1746880785.7690716,,,,,,,,,480.957572365,,,,,2038,,,,,,,,0.0,,,,,,,,,,,,,,,,,,,,,
4431,1746880785.7696106,,,,,,,,,480.957963638,,,,,2044,,,,,,,,,,,,,,,,0.0,,,,,,,,,,,,,
4506,1746880790.1449726,,,,,,,,,480.958348875,,,,,2075,,,,,,,,,,,,,,,,,,,,,,,,,,,,,1228800.0
4506,1746880790.1459103,,,,,,,0.0,,480.958422535,,,,,2081,,,,,,,,,,,,,,,,,,,,,,,,,,,,,
4581,1746880794.523284,,,,,0.0,,,,480.958969887,,,,,2129,,,,,,,,,,,,,,,,,,,,,,,,,,,,,
4656,1746880798.8972437,,,,,,,,,480.959129657,,,,,2143,,,,,,,,0.0,,,,,,,,,,,,,,,,,,,,,
4806,1746880807.650387,,,,,,,,0.0,480.959876968,,,,,2210,,,,,,,,,,,,,,,,,,,,,,,,,,,,,
4806,1746880807.6513474,,,,,,,,,480.959966782,,,,,2218,,,,,,,,,,0.0,,,,,,,,,,,,,,,,,,,
4806,1746880807.6525052,,,,,0.0,,,,480.960152368,,,,,2234,,,,,,,,,,,,,,,,,,,,,,,,,,,,,
4881,1746880812.0268087,,,,,,,,,600.977075123,,,,,2241,,,,,,,,,,,,,,,,,,,-0.0039192038,,,,,,,,,,
4881,1746880812.028508,,,,,,,,,600.977367206,,,,,2261,,,,,,,,,,,,,,,,,,,,,,,,,5.1913457,,,,
4956,1746880816.4077458,,,,,,,,,600.977950312,,,,,2310,,,,,,,,,,,,,0.0,,,,,,,,,,,,,,,,
5106,1746880825.1590495,,1.0,,,,,,,600.978463734,,,,,2354,,,,,,,,,,,,,,,,,,,,,,,,,,,,,
5106,1746880825.160106,,,,,,,,,600.978508661,,,,,2358,,,,,,,,,,0.0063476562,,,,,,,,,,,,,,,,,,,
5256,1746880833.9135008,,,,,,,,,600.979205947,,,,,2419,,,,,,,0.0,,,,,,,,,,,,,,,,,,,,,,
5331,1746880838.2925487,,,,,,,,,600.980828971,,,,,2467,,,,2918400.0,,,,,,,,,,,,,,,,,,,,,,,,,
5331,1746880838.292587,,,,,,,,,600.980841936,,,,,2468,,,,,,,,,,,,,,,,,1425.0,,,,,,,,,,,,
5331,1746880838.293233,,,,,,,,,600.980916187,,,,,2474,,,,,,,,,,,,,,,,,,,,,,,,,,,1.003861,,
5481,1746880847.0459085,,,,,,,,,600.98147233,,,,,2522,,,,,,,,,,,,,,,,,,,,,,,,,,,,0.023887575,
5481,1746880847.0478363,,,,,,,,,600.981733636,,,,,2545,,,,,,,,,,,,0.0,,,,,,,,,,,,,,,,,
5631,1746880855.8024845,,,,,,,,,600.982552564,,,,,2618,,,,,,,,,,,,,,,,,,,,,,,,0.0,,,,,
5706,1746880860.1767337,,,,,,,,,600.98267353,,,,,2628,,,,,,,,,,,,,,,,,,,,,,,252.0,,,,,,
5706,1746880860.1785147,,,,,,,,,600.982924055,,,,,2650,,,,,,,,,,,,0.0,,,,,,,,,,,,,,,,,
5706,1746880860.1793368,,,,,,,,,600.983001466,,,,,2657,,,,,,,,,400.0,,,,,,,,,,,,,,,,,,,,
5781,1746880864.554997,,,,,,,,,600.983238329,,,,,2677,,,,3840000.0,,,,,,,,,,,,,,,,,,,,,,,,,
5781,1746880864.5559552,,,,,0.0,,,,600.983373813,,,,,2689,,,,,,,,,,,,,,,,,,,,,,,,,,,,,
5781,1746880864.5567834,,,,,,,,,600.983629511,,,,,2695,,,,,,,,,,,,,0.0,,,,,,,,,,,,,,,,
5931,1746880873.3106391,,,,,0.0,,,,600.985122341,,,,,2759,,,,,,,,,,,,,,,,,,,,,,,,,,,,,
6006,1746880877.6861215,,1.0,,,,,,,600.985299879,,,,,2774,,,,,,,,,,,,,,,,,,,,,,,,,,,,,
6006,1746880877.6874678,,,,,,,,,600.985422904,,,,,2785,,0.78908396,,,,,,,,,,,,,,,,,,,,,,,,,,,
6081,1746880882.0643263,,,,,,,,,600.985757495,,,,,2815,,,,,,,,,,,,,,,,,,,,,0.0,,,,,,,,
6081,1746880882.0644176,,,,,,,,,600.985791164,,,,,2818,,,,,,,,,,,,,,,,,2175.0,,,,,,,,,,,,
6081,1746880882.0656042,,,,,,,,,600.985930818,,,,,2830,,,,,,,,,,,,,,,,,,,,,,0.0,,,,,,,
6156,1746880886.442747,,,,,,,,,600.986336489,,,,,2865,,,,,,,,,,,,,,,,,,,,,,0.0,,,,,,,
6231,1746880890.8185441,,,,,,,,,600.986726867,,,,,2900,,,,,,,,,,,,,,,,,,,,,,0.0,,,,,,,
6231,1746880890.8192642,,,,,,,,,600.986770508,,,,,2904,,,,,,,,,,,,,,,,,,,,0.0,,,,,,,,,
6381,1746880899.571131,,,,,,,,,600.987306814,,,,,2952,0.0003,,,,,,,,,,,,,,,,,,,,,,,,,,,,
6456,1746880903.9470685,,,,,,,,0.0,600.987882685,,,,,2980,,,,,,,,,,,,,,,,,,,,,,,,,,,,,
6456,1746880904.0477965,,,,,,,,,600.988478078,,,,,2999,,,,,,,,,,,,,,,,,,,,,,,,,,,0.95752895,,
6531,1746880908.4245787,,,,,,,,,600.989164344,,,,,3032,,,,,,,,,,,3.0773425,,,,,,,,,,,,,,,,,,
6606,1746880912.801357,,,,,,,,,600.989451309,,,,,3057,0.0003,,,,,,,,,,,,,,,,,,,,,,,,,,,,
6756,1746880921.5564263,,,,,,,,,600.990516814,,,,,3149,,,,,,,,,,,,,,,,,,,,0.0,,,,,,,,,
6831,1746880925.9317396,,,,,,,,,600.990689552,,,,,3162,0.0003,,,,,,,,,,,,,,,,,,,,,,,,,,,,
6831,1746880925.9323974,,,,,,,,,600.990840296,,,,,3173,,,,,,,,,,,,,,0.0051800637,,,,,,,,,,,,,,,
6981,1746880934.6852806,,,,,,,,,721.010771178,,,,,3235,,,,,,,,,,,,,,,,,,,,,0.0,,,,,,,,
6981,1746880934.685316,,,,,,,0.0003120938,,721.010783251,,,,,3236,,,,,,,,,,,,,,,,,,,,,,,,,,,,,
6981,1746880934.6864164,,,,0.0,,,,,721.01091159,,,,,3247,,,,,,,,,,,,,,,,,,,,,,,,,,,,,
7056,1746880939.0634162,,,,,,,,,721.011202766,,,,,3272,,,,6451200.0,,,,,,,,,,,,,,,,,,,,,,,,,
7056,1746880939.0646353,,,,,,,,,721.011409686,,,,,3290,,,,,,,,,,,,,0.0,,,,,,,,,,,,,,,,
7206,1746880947.8159025,,,,,,,,0.0,721.012519336,,,,,3330,,,,,,,,,,,,,,,,,,,,,,,,,,,,,
7206,1746880947.815991,,,,,,,,,721.012607489,,,,,3333,,,,,,,,0.0,,,,,,,,,,,,,,,,,,,,,
7206,1746880947.8160603,,,,,,,,,721.012647828,,,,,3335,,,,,,,,,,,,,,,,,,,,,,,,,,,,,6758400.0
7281,1746880952.194431,,,,,,,,,721.013572492,,,,,3384,,,,,,,,,,,,,,,,,,,,,,,,,,,0.98841697,,
7356,1746880956.5716665,,,,,,,0.0,,721.013878009,,,,,3411,,,,,,,,,,,,,,,,,,,,,,,,,,,,,
7506,1746880965.3251603,,,,,,,,,721.014621491,,,,,3477,0.0003,,,,,,,,,,,,,,,,,,,,,,,,,,,,
7506,1746880965.3254302,,,,,,,0.00023043755,,721.014668416,,,,,3481,,,,,,,,,,,,,,,,,,,,,,,,,,,,,
7506,1746880965.3254917,,,,,,,,,721.014692002,,,,,3483,,,,,,,,,,,,,,,,,3600.0,,,,,,,,,,,,
7581,1746880969.701265,,,,,,,,0.0,721.014946888,,,,,3505,,,,,,,,,,,,,,,,,,,,,,,,,,,,,
7581,1746880969.7012966,,,,,,,,,721.014957089,,,,,3506,,,,,,,,,,,,,,,0.0,,,,,,,,,,,,,,
7581,1746880969.70135,,,,,,,,,721.014978483,,,,,3508,,,,,,,,0.0,,,,,,,,,,,,,,,,,,,,,
7656,1746880974.0788023,,,,,,,,,721.015415004,,,,,3546,,,,,,,,,,,,,,,,,,,,,,,,,,0.0,,,
7731,1746880978.4566813,,,,,,,,,721.016738089,,,,,3588,,,,,,,,,,,,,,,,,3825.0,,,,,,,,,,,,
7731,1746880978.457562,,,,,,,,,721.016857712,,,,,3598,,,,,,,,,,,,,,,,,,,,,,,,0.0,,,,,
7731,1746880978.4575973,,,,,0.0,,,,721.016869516,,,,,3599,,,,,,,,,,,,,,,,,,,,,,,,,,,,,
7731,1746880978.4583786,,,,,,,,,721.016942463,,,,,3605,,,,,,,,,,,,,0.0054396247,,,,,,,,,,,,,,,,
7887,1746881112.5685282,,,,,,,,,841.032017277,,,,,3653,0.0003,,,,,,,,,,,,,,,,,,,,,,,,,,,,
7962,1746881116.9089866,,,,,,,,,841.033429468,,,,,3710,,,,,,,,,,,,,,,,,,,,0.0,,,,,,,,,
8037,1746881121.2444816,,,,,,,,,841.033757157,,,,,3715,,,,,,,0.0,,,,,,,,,,,,,,,,,,,,,,
8112,1746881125.58494,,,,,,,,,841.034218965,,,,,3752,,,,,,,,,,,,,,,0.0,,,,,,,,,,,,,,
8112,1746881125.5850284,,2.0,,,,,,,841.034252751,,,,,3755,,,,,,,,,,,,,,,,,,,,,,,,,,,,,
8112,1746881125.5857234,,,,,,,,,841.034312126,,,,,3760,,,,,,,,,,,,,,,,0.0,,,,,,,,,,,,,
8112,1746881125.5866728,,,,,,,,,841.034445832,,,,,3771,,,,,,,,,,,,0.0,,,,,,,,,,,,,,,,,
8187,1746881129.9240222,,,,,,,,,841.034703072,,,,,3794,,,,,,,,,,0.0,,,,,,,,,,,,,,,,,,,
8187,1746881129.924052,,,,,,,,,841.034713498,,,,,3795,,,,,,,,,,,,,,,,0.0,,,,,,,,,,,,,
8187,1746881129.9242632,,,,,,,,,841.034791993,,,,,3802,,,,,,,,,,,,,,,,,,,,,,,,,1.8889993,,,,
8412,1746881142.9416034,,,,,,,,,841.035942202,,,,,3903,,,,1228800.0,,,,,,,,,,,,,,,,,,,,,,,,,
8412,1746881142.943152,,,,,0.0,,,,841.036076036,,,,,3915,,,,,,,,,,,,,,,,,,,,,,,,,,,,,
8562,1746881151.6174362,,,,,,,,,841.036963939,,,,,3958,,,,,,,,,,,,,,,,,,,,,,,,,,,,0.03567657,
8637,1746881155.9565623,,,,,,,,,841.038076219,,,,,3999,,,,,,,,0.0,,,,,,,,,,,,,,,,,,,,,
8787,1746881164.6347275,,,,,,,,,841.038809207,,,,,4063,,,,,,,,,,,,,,,,,,,,,,,,,,,,0.03180633,
8862,1746881168.974736,,,,,,,,,961.054818104,,,-0.0012848998,,4115,,,,,,,,,,,,,,,,,,,,,,,,,,,,,
8862,1746881168.9747639,,,,,,,,,961.054830069,,,,,4116,,0.84412026,,,,,,,,,,,,,,,,,,,,,,,,,,,
8862,1746881168.9748244,,,,,,,,,961.054857217,,,,,4118,,,,,,,,,,,1.837724,,,,,,,,,,,,,,,,,,
8937,1746881173.311559,,,,,,,,,961.055040329,,,,,4133,,,,,,,,,,,,,,,,,,,,,,,,,,,,-0.002681489,
9087,1746881181.9898412,,,,,,,,,961.056068313,,,,,4221,,0.7509856,,,,,,,,,,,,,,,,,,,,,,,,,,,
9162,1746881186.3279212,,,,,,,,,961.056256086,,,,,4237,,,,,,,,,,,,,,,,,,,-0.00041396572,,,,,,,,,,
9162,1746881186.3291285,,,,,,,0.0,,961.056431046,,,,,4252,,,,,,,,,,,,,,,,,,,,,,,,,,,,,
9237,1746881190.6674109,,,,,,,,,961.056689823,,,,,4275,,,,,,,0.0,,,,,,,,,,,,,,,,,,,,,,
9312,1746881195.0090568,,,,,,,,,961.058051688,,,,,4327,,,,,,,,,,,,,,,,,,,,,,,,,1.6214032,,,,
9537,1746881208.0260534,,2.0,,,,,,,961.059420396,,,,,4420,,,,,,,,,,,,,,,,,,,,,,,,,,,,,
9537,1746881208.026652,,,,,,,,,961.059453208,,,,,4423,0.0003,,,,,,,,,,,,,,,,,,,,,,,,,,,,
9537,1746881208.0271506,,,,,,,,,961.059557642,,,,,4432,,,,,,,,,,,,,,,,,,,,,,,,,1.7364371,,,,
9612,1746881212.3656616,,,,,,,,,961.059808359,,,,,4454,,,,,,,,0.0,,,,,,,,,,,,,,,,,,,,,
9612,1746881212.3668144,,,,,,,,,961.059905446,,,,,4463,,,,3686400.0,,,,,,,,,,,,,,,,,,,,,,,,,
9687,1746881216.813183,,,,,,,,,961.060373049,,,,,4504,,,,,,,,,,,,,,0.00019957269,,,,,,,,,,,,,,,
9687,1746881216.8132622,,,,,,,,,961.060395233,,,,,4506,,,,,,,,,,,,0.0,,,,,,,,,,,,,,,,,
9687,1746881216.813847,,,,,,,,,961.060449831,,,,,4511,,,,,,,,,,,,,,,,,,,,,,0.0,,,,,,,
9837,1746881225.492057,,,,,,,,,961.061444252,,,,,4571,,0.8391946,,,,,,,,,,,,,,,,,,,,,,,,,,,
9837,1746881225.4920847,,,,,,,,,961.061463866,,,,,4572,,,,,,,,,,,,,,,,,,,,,,,,,1.6023633,,,,
9912,1746881229.8296454,,,,,,,,,961.061928865,,,,,4590,,,,,,,0.0,,,,,,,,,,,,,,,,,,,,,,
9987,1746881234.1690338,,,,,,,,,961.0626684,,,,,4627,,,,,,,,,,,,,,,0.0,,,,,,,,,,,,,,
9987,1746881234.1705768,,,,,,,,,961.062837444,,,,,4642,,,,,,,,,,,,,,,,,,,,,,,,,1.5973197,,,,
9987,1746881234.170693,,,,,,,,,961.062871876,,,,,4645,,,,,,,,,,,,,,,,,,,,,,,,,,,0.98841697,,
10062,1746881238.5096507,,,,,,,,,961.063196911,,,,,4673,,,,4608000.0,,,,,,,,,,,,,,,,,,,,,,,,,
10137,1746881242.848,,,,,,,,,961.063487044,,,,,4699,,,,,,,,0.0,,,,,,,,,,,,,,,,,,,,,
10287,1746881251.528398,,,,,,,,,961.064475956,,,,,4786,,,,,,,,,,,,0.0,,,,,,,,,,,,,,,,,
10362,1746881255.8663049,,,,,,,,,961.064749839,,,,,4810,,,,,,,,,,,,,,,,0.0,,,,,,,,,,,,,
10437,1746881260.2052295,,,,,,,,,961.065505349,,,,,4846,,,,,,,,,,,,,,,,,,,,,0.0,,,,,,,,
10512,1746881264.542618,,,,,,,,,961.066270982,,,,,4869,,,,,,,,,,,,,,,,,,,,,,,256.0,,,,,,
10512,1746881264.543251,,,,,,,,,961.066391509,,,,,4879,,,,,,,,,,0.0,,,,,,,,,,,,,,,,,,,
10512,1746881264.5440292,,,,,,,,,961.066498427,,,,,4888,,,,,,,,,,,2.7769303,,,,,,,,,,,,,,,,,,
10737,1746881277.5634232,,,,,,,,,961.067818107,,,,,4996,,,,,,,,,,,,0.0,,,,,,,,,,,,,,,,,
10887,1746881286.241091,,,,,,,,,961.068445555,,,,,5049,,,,,,,,0.0,,,,,,,,,,,,,,,,,,,,,
10887,1746881286.2418227,,,,,,,,,961.068511216,,,,,5055,,,,,,,,,,,,,,,,0.0,,,,,,,,,,,,,
10887,1746881286.2428026,,,,,,,,,961.068609927,,,,,5064,,,,,,,,,,,,,,1.5352856e-05,,,,,,,,,,,,,,,
11037,1746881294.9202235,,,,,,,,,1081.087407664,,,,,5118,,,,,,,,,,,,,,,0.0,,,,,,,,,,,,,,
11037,1746881294.9226494,,,,,,,,,1081.088079537,,,,,5145,,,,,,0.0,,,,,,,,,,,,,,,,,,,,,,,
11112,1746881299.262337,,,,,,,,,1081.088439183,,0.0,,,5173,,,,,,,,,,,,,,,,,,,,,,,,,,,,,
11187,1746881303.6021135,,,,,,,,,1081.088873193,,,,,5207,,,,,,,,,,,,0.0,,,,,,,,,,,,,,,,,
11337,1746881312.2800033,,,,,,,,,1081.089561575,,,,,5258,,,,,,,,,,,,,,,0.0,,,,,,,,,,,,,,
11337,1746881312.2807946,,,,,,,,,1081.089683446,,,,,5267,,,,,,,,,,,,,,,,,,,,,0.0,,,,,,,,
11337,1746881312.2817392,,,,,,,,,1081.089799275,,,,,5277,,,,,,,,,,,,0.0,,,,,,,,,,,,,,,,,
11337,1746881312.2817695,,,,,,,,,1081.089811331,,0.0,,,5278,,,,,,,,,,,,,,,,,,,,,,,,,,,,,
11412,1746881316.6218312,,,,,,,,,1081.090104554,,,,,5304,,,,7372800.0,,,,,,,,,,,,,,,,,,,,,,,,,
11487,1746881320.9604895,,,,,,,,,1081.090356937,,,,,5325,,,,,,,,,,,,,,,,,,,,,,,260.0,,,,,,
11562,1746881325.3025954,,,,,,,,,1081.091883334,,,,,5392,,,,,,,,,,,,,0.0,,,,,,,,,,,,,,,,
11637,1746881329.6388884,,,,,,,,,1081.092203988,,,,,5396,,,,,,,0.0,,,,,,,,,,,,,,,,,,,,,,
11712,1746881333.9796185,,,,,,,,,1081.092716682,,,,,5439,0.0003,,,,,,,,,,,,,,,,,,,,,,,,,,,,
11793,1746881464.0307558,,,,,,,,,1201.112581902,,,,,5497,,,,,,,,,,,,,0.0,,,,,,,,,,,,,,,,
11943,1746881472.9366496,,,,,,,,,1201.113152492,,,,,5546,,,,,,,,,,,,,,,,0.0,,,,,,,,,,,,,
12018,1746881477.3896792,,,,,,,,,1201.113588742,,,,,5584,,,,614400.0,,,,,,,,,,,,,,,,,,,,,,,,,
12018,1746881477.389741,,,,,,,,,1201.113610995,,,-0.00041899527,,5586,,,,,,,,,,,,,,,,,,,,,,,,,,,,,
12018,1746881477.3906808,,,,,,,,,1201.113717176,,,,,5595,,,,,,,,,,,,,,,,,,,,,,,,0.0,,,,,
12093,1746881481.843752,,,,,,,,0.0,1201.113858486,,,,,5607,,,,,,,,,,,,,,,,,,,,,,,,,,,,,
12093,1746881481.8451116,,,,,,,,,1201.113996362,,,,,5619,,,,768000.0,,,,,,,,,,,,,,,,,,,,,,,,,
12093,1746881481.845556,,,,,,,,,1201.114065384,,,,,5625,,,,,,,,,,,,,,0.0006403321,,,,,,,,,,,,,,,
12093,1746881481.8466842,,,,,,,,,1201.11419154,,,,,5636,,,,,,,,,,,,,,,,,,,,0.0,,,,,,,,,
12243,1746881490.74832,,,,,,,,,1201.115929666,,,,0.0,5679,,,,,,,,,,,,,,,,,,,,,,,,,,,,,
12318,1746881495.2001143,,,,,,,,,1201.116433919,,,,,5721,,,,,,,,,,,,,,,,0.0,,,,,,,,,,,,,
12393,1746881499.6530368,,,,,,,,,1201.117050351,,,,,5775,,,,,,0.0,,,,,,,,,,,,,,,,,,,,,,,
12468,1746881504.1020188,,,,,,,,,1201.117168913,,,,,5785,,,,,,,,0.0,,,,,,,,,,,,,,,,,,,,,
12543,1746881508.5544057,,,,,,,,,1201.117488156,,,,,5813,,,,,,,,,,,,,,,,,,,0.00047103767,,,,,,,,,,
12543,1746881508.5573921,,,,,,,,,1201.117849658,,,,,5845,,,,,,0.0,,,,,,,,,,,,,,,,,,,,,,,
12543,1746881508.5574596,,,,,,,,,1201.117871993,,,,,5847,,,,,,,,,,,,,0.0,,,,,,,,,,,,,,,,
12618,1746881513.011332,,,,,,,,,1201.118102105,,,,,5867,,0.42296347,,,,,,,,,,,,,,,,,,,,,,,,,,,
12618,1746881513.011818,,,,,,,,,1201.11815381,,,,,5871,,,,,,,,,,,,,,,,,,,,,,,,,,,0.98841697,,
12618,1746881513.012969,,,,,,,,,1201.118242603,,,,,5879,,,,,,,,,400.0,,,,,,,,,,,,,,,,,,,,
12618,1746881513.0130641,,,,,,,,,1201.118277251,,,,,5882,,,,,,,,,,,,,0.0,,,,,,,,,,,,,,,,
12693,1746881517.4672177,,,,,,,,,1201.118388202,,,,,5892,,,,,,,,,,,,,,,,,,,,,,,,,,,,,1996800.0
12693,1746881517.4693549,,,,,,,,,1201.118569914,,0.0,,,5908,,,,,,,,,,,,,,,,,,,,,,,,,,,,,
12693,1746881517.4695187,,,,,,,,,1201.118806155,,,,,5913,,,,,0.0078125,,,,,,,,,,,,,,,,,,,,,,,,
12768,1746881521.9258094,,,,,,,,,1201.119389996,,,,,5941,,,,,,,,,,,,,,,,,,,,,,,,,,,0.9729729,,
12768,1746881521.9265835,,,,,,,,,1201.119630824,,,,,5949,,,,,,,,,400.0,,,,,,,,,,,,,,,,,,,,
12843,1746881526.3784792,,,,,,,,,1201.11983121,,,,,5956,,,,,,,0.0,,,,,,,,,,,,,,,,,,,,,,
12843,1746881526.3795803,,,,,,,,,1201.120251781,,,,,5965,,,,,,,,,,0.0,,,,,,,,,,,,,,,,,,,
12843,1746881526.3799274,,,,,,,,,1201.120353869,,,,,5973,,,,,,,,,,,,,,,,,,,,,,,,,2.3747175,,,,
12918,1746881530.8335984,,,,,,,,0.0,1321.139589783,,,,,5992,,,,,,,,,,,,,,,,,,,,,,,,,,,,,
12918,1746881530.8336363,,,,,,,,,1321.139618316,,,,,5993,,,,,,,,,,,,,,,0.0,,,,,,,,,,,,,,
12918,1746881530.8346798,,,,,,,,,1321.139817691,,,,,6002,,,,,,,,,,,,,,,,,,,,,0.0,,,,,,,,
12993,1746881535.3962245,,,,,,,,,1321.140939817,,,,,6033,,,,,,,,,,,,,,,,,,,,,,,,,,0.0,,,
12993,1746881535.3972514,,,,,,,,,1321.141017701,,,,,6039,,,,2611200.0,,,,,,,,,,,,,,,,,,,,,,,,,
12993,1746881535.3984256,,,,,,,,,1321.141187886,,,,,6052,,,,,,,,,,,,,,,,,,,,,,0.0,,,,,,,
13068,1746881539.849622,,,,,,,,,1321.141295283,,,,,6061,,,,,,,0.0,,,,,,,,,,,,,,,,,,,,,,
13068,1746881539.8497233,,,,,,,,,1321.141331329,,,,0.0,6064,,,,,,,,,,,,,,,,,,,,,,,,,,,,,
13368,1746881557.6684673,,,,,,,,,1321.143185345,,,,,6220,,,,,,,,,,,,,,0.00012429681,,,,,,,,,,,,,,,
13443,1746881562.1243143,,,,,,,,,1321.143924892,,,,,6257,,,,,,,,,,,,0.01754386,,,,,,,,,,,,,,,,,
13443,1746881562.1243453,,,,,,,,,1321.143944072,,0.0,,,6258,,,,,,,,,,,,,,,,,,,,,,,,,,,,,
13518,1746881566.5786817,,,,,,,,,1321.144458786,,,,0.0,6274,,,,,,,,,,,,,,,,,,,,,,,,,,,,,
13518,1746881566.5800083,,,,,,,,,1321.144905746,,,,,6289,,,,,,,,,,,2.5283942,,,,,,,,,,,,,,,,,,
13518,1746881566.5805857,,,,,,,,,1321.144954491,,0.0,,,6293,,,,,,,,,,,,,,,,,,,,,,,,,,,,,
13518,1746881566.581144,,,,,,,,,1321.145037953,,,,,6300,,,,,,0.0,,,,,,,,,,,,,,,,,,,,,,,
13593,1746881571.0357404,,,,,,,,,1321.145227043,,,,,6316,,,,,,,,,,,,,,,,0.0,,,,,,,,,,,,,
13593,1746881571.0359492,,,,,,,,,1321.145293032,,,,,6322,,0.41825965,,,,,,,,,,,,,,,,,,,,,,,,,,,
13593,1746881571.0369246,,,,,,,,,1321.145419833,,,,,6333,,,,,0.0078125,,,,,,,,,,,,,,,,,,,,,,,,
13593,1746881571.0376227,,,,,,,,,1321.145457321,,,,,6336,,,,,,,,,,,,,,,,,,,,0.0,,,,,,,,,
13668,1746881575.4923213,,,,,,,,,1321.145609946,,,,,6349,0.0003,,,,,,,,,,,,,,,,,,,,,,,,,,,,
13668,1746881575.493015,,,,,,,,,1321.145741351,,,,,6360,,,,,,,,,,,,,,0.00015208358,,,,,,,,,,,,,,,
13743,1746881579.947357,,,,,,,,,1321.145928146,,,,,6376,,,,,,,0.0,,,,,,,,,,,,,,,,,,,,,,
13743,1746881579.949585,,,,,,,,,1321.146233905,,,,,6403,,,,,0.0078125,,,,,,,,,,,,,,,,,,,,,,,,
13743,1746881579.950235,,,,,,,,,1321.146245437,,,,,6404,,,,,,,,,400.0,,,,,,,,,,,,,,,,,,,,
13818,1746881584.4064813,,,,0.0,,,,,1321.146580168,,,,,6434,,,,,,,,,,,,,,,,,,,,,,,,,,,,,
13893,1746881588.8615806,,,,,,,,0.0,1321.146723288,,,,,6447,,,,,,,,,,,,,,,,,,,,,,,,,,,,,
13893,1746881588.8622704,,,,,,,,,1321.146832368,,,,,6457,,,,,,,,,,,,,,,,,,,,,0.0,,,,,,,,
13968,1746881593.319574,,,,,,,,,1321.147386722,,,,0.0,6484,,,,,,,,,,,,,,,,,,,,,,,,,,,,,
14043,1746881597.7795606,,,,,,,,,1321.148875226,,,,,6547,,,,,,,,,,,,,0.0,,,,,,,,,,,,,,,,
14193,1746881606.6942341,,3.0,,,,,,,1321.149372449,,,,,6591,,,,,,,,,,,,,,,,,,,,,,,,,,,,,
14268,1746881611.1514888,,,,,,,,,1321.149672769,,,,,6618,,,,,,,,,,,,,,,,,,,-0.0005040325,,,,,,,,,,
14268,1746881611.1524458,,,,,,,0.0,,1321.149842069,,,,,6633,,,,,,,,,,,,,,,,,,,,,,,,,,,,,
14268,1746881611.1542313,,,,,,,,,1321.150031017,,,,,6650,,,,,,0.0,,,,,,,,,,,,,,,,,,,,,,,
14343,1746881615.610763,,,,,,,,,1321.150256999,,,,,6670,,,,,,,,,,,,,,,,,2625.0,,,,,,,,,,,,
14343,1746881615.610803,,,,,,,,,1321.150268417,,,-0.00042279693,,6671,,,,,,,,,,,,,,,,,,,,,,,,,,,,,
14343,1746881615.6124456,,,,,,,,,1321.150418334,,,,,6684,,,,,,,,,400.0,,,,,,,,,,,,,,,,,,,,
14418,1746881620.069311,,,,,,,,,1321.150711184,,,,,6710,,,,,,,,,,,,,,0.00017805147,,,,,,,,,,,,,,,
14493,1746881624.5249343,,,,,,,,,1321.151166779,,,,,6723,,,,,,,,,,,,,,,,,,,0.0015236721,,,,,,,,,,
14493,1746881624.526713,,,,,,,,,1321.151735507,,0.0,,,6748,,,,,,,,,,,,,,,,,,,,,,,,,,,,,
14493,1746881624.5272143,,,,,,,,,1321.151825129,,,,,6752,,,,,,,,,,,,,,,,,,,,,,0.0,,,,,,,
14493,1746881624.5275311,,,,,,,,,1321.151862541,,,,,6754,,,,,,,,,400.0,,,,,,,,,,,,,,,,,,,,
14568,1746881628.9831498,,,,,,,,,1321.152067191,,,,0.0,6764,,,,,,,,,,,,,,,,,,,,,,,,,,,,,
14568,1746881628.984219,,,,,,,,,1321.152431476,,,,,6777,,0.5087633,,,,,,,,,,,,,,,,,,,,,,,,,,,
14568,1746881628.9849503,,,,,,,,,1321.152492748,,,,,6782,,,,,,,,,,,,0.0,,,,,,,,,,,,,,,,,
14643,1746881633.4417875,,,,,,,,,1321.152676431,,,,,6798,,,,,,,,,,,,,,,0.0,,,,,,,,,,,,,,
14718,1746881637.8997347,,,,,,,,,1321.153035169,,,,,6830,,,,,,,,,,,,,,,,,,,,,,,256.0,,,,,,
14718,1746881637.9004323,,,,,,,,,1321.153137977,,,,,6839,0.0003,,,,,,,,,,,,,,,,,,,,,,,,,,,,
14718,1746881637.9015434,,,,,,,,,1321.153296082,,0.0,,,6853,,,,,,,,,,,,,,,,,,,,,,,,,,,,,
14868,1746881646.8177533,,,,,,,,,1321.154020834,,,,,6919,,,,,,,,,,,2.4469876,,,,,,,,,,,,,,,,,,
14868,1746881646.8190725,,,,,,,,,1321.154146337,,,,,6930,,,,,,0.0,,,,,,,,,,,,,,,,,,,,,,,
14943,1746881651.2767842,,,,,,,,,1441.173119599,,,,,6967,,,,,,,,,,,,,,,,,,,,0.0,,,,,,,,,
15018,1746881655.7311046,,,,,,,,,1441.173152278,,,,,6969,,,,,,,,,,,,,,,,,,,-0.00021951631,,,,,,,,,,
15093,1746881660.1885488,,,,,,,,,1441.173788591,,,,,7005,,,,,,,,,,,,,,,,,,,,,,,,,,,,-0.00014116697,
15093,1746881660.1911948,,,,,,,,,1441.174560914,,,,,7034,,,,,0.0078125,,,,,,,,,,,,,,,,,,,,,,,,
15318,1746881673.5611696,,,,,,,,,1441.175945757,,,,,7111,,,,,,,,,,,,,,,,,,,,,,,248.0,,,,,,
15318,1746881673.561371,,3.0,,,,,,,1441.176015582,,,,,7117,,,,,,,,,,,,,,,,,,,,,,,,,,,,,
15318,1746881673.5622616,,,,,,,,,1441.176118451,,,,,7125,,,,7372800.0,,,,,,,,,,,,,,,,,,,,,,,,,
15318,1746881673.5631888,,,,,0.0,,,,1441.17626591,,,,,7137,,,,,,,,,,,,,,,,,,,,,,,,,,,,,
15318,1746881673.5633178,,,,,,,,,1441.176280924,,,,,7138,,,,,,,,,,,,,,,,,,,,,,0.0,,,,,,,
15393,1746881678.0183902,,,,,,,,,1441.176437039,,,,0.0,7150,,,,,,,,,,,,,,,,,,,,,,,,,,,,,
15393,1746881678.0197003,,,,,,,,,1441.176617865,,,,,7164,,,,,,,,,,,,,,,,,,,,,,,,,2.269802,,,,
15393,1746881678.0207593,,,,,,,,,1441.176757808,,,,,7176,,,,,,0.0,,,,,,,,,,,,,,,,,,,,,,,
15543,1746881686.9322498,,,,,,,,,1441.177241149,,,,,7217,,,,,,,0.0,,,,,,,,,,,,,,,,,,,,,,
15543,1746881686.93457,,,,0.0,,,,,1441.177505966,,,,,7240,,,,,,,,,,,,,,,,,,,,,,,,,,,,,
15543,1746881686.9354436,,,,,,,,,1441.17759249,,,,,7248,,,,,,,,,,,,,0.0,,,,,,,,,,,,,,,,
15618,1746881691.391136,,,,,,,,,1441.177713175,,,,,7259,,,,,,,,,,,,,,,,,,,,,,,,,,0.0,,,
15774,1746881825.985799,,,,,,,0.0,,1561.197269241,,,,,7334,,,,,,,,,,,,,,,,,,,,,,,,,,,,,
15849,1746881830.5516658,,,,,,,,,1561.197650359,,,,,7365,0.0003,,,,,,,,,,,,,,,,,,,,,,,,,,,,
15849,1746881830.553518,,,,,,,,,1561.197900709,,,,,7386,,,,,,0.0,,,,,,,,,,,,,,,,,,,,,,,
15924,1746881835.1192234,,,,,,,,,1561.198193087,,,,,7411,,,,,,,,,,,,,,0.012165312,,,,,,,,,,,,,,,
15999,1746881839.6844153,,,,,0.0,,,,1561.198656633,,,,,7452,,,,,,,,,,,,,,,,,,,,,,,,,,,,,
16074,1746881844.2476876,,,,,,,,,1561.198761367,,,,,7461,,,,,,,,,,,,,,,,,,,,,,,252.0,,,,,,
16074,1746881844.2497728,,,,,0.0,,,,1561.199063426,,,,,7487,,,,,,,,,,,,,,,,,,,,,,,,,,,,,
16224,1746881853.4803994,,,,,,,,,1561.199679308,,,,,7543,,,,,,,,,,,,,,,,,,,,,0.0012402188,,,,,,,,
16224,1746881853.4809272,,,,,,,,,1561.199743731,,,,,7549,,,,,,,,,,,,,,,,,,,,,,,,,1.2643925,,,,
16299,1746881858.0461657,,,,,,,,,1561.199944877,,,,,7567,,,,,,,0.0,,,,,,,,,,,,,,,,,,,,,,
16299,1746881858.046358,,,,,,,,,1561.200016155,,,,,7573,,,,,,,,,,,,,,,,,,,,,,,,,,,,,1382400.0
16374,1746881862.6126142,,,,,,,,0.0,1561.200878949,,,,,7603,,,,,,,,,,,,,,,,,,,,,,,,,,,,,
16374,1746881862.6143005,,,,,,,,,1561.201695139,,,,,7620,,,,,,,,,,,1.6877058,,,,,,,,,,,,,,,,,,
16449,1746881867.179149,,,,,,,,,1561.201999995,,,,,7645,0.0003,,,,,,,,,,,,,,,,,,,,,,,,,,,,
16449,1746881867.179862,,,,,,,,,1561.202082937,,,-0.0036784788,,7652,,,,,,,,,,,,,,,,,,,,,,,,,,,,,
16524,1746881871.7454906,,4.0,,,,,,,1561.202379413,,,,,7677,,,,,,,,,,,,,,,,,,,,,,,,,,,,,
16599,1746881876.3154066,,,,,,,,,1561.203023808,,,,,7733,,,,,,,,,,,,,,,,,,,,,,0.0,,,,,,,
16674,1746881880.8835018,,,,,,,,,1561.203467636,,,,,7772,,,,,,,,,,,,,,,,,,,,0.078125,,,,,,,,,
16749,1746881885.4506834,,,,,,,,,1561.203844266,,,,,7805,,,,,,,,,400.0,,,,,,,,,,,,,,,,,,,,
16749,1746881885.4507844,,,,,,,,,1561.203877708,,,,,7808,,,,,,,,,,,,,0.14048304,,,,,,,,,,,,,,,,
16974,1746881899.1501977,,,,,,,,,1681.225106778,,,,,7881,,,,,,,,,,,,,,,,,,,,,,,248.0,,,,,,
16974,1746881899.150229,,,,,,,,,1681.225132697,,,,,7882,,,,,,,0.0,,,,,,,,,,,,,,,,,,,,,,
16974,1746881899.1527321,,,,,,,,,1681.225937592,,,,,7910,,,,,,,,,400.0,,,,,,,,,,,,,,,,,,,,
17049,1746881903.7188637,,,,,,,,,1681.226559959,,,,,7938,,,,,,,,,,,,0.0,,,,,,,,,,,,,,,,,
17124,1746881908.287383,,,,,,,,,1681.227070916,,,,,7982,,,,,,,,,,,,,,,,,,,,0.32226562,,,,,,,,,
17199,1746881912.853793,,,,,,,,,1681.227361689,,,,,8007,,,,,,,,,,,,,,,,,,,,,,,,,,,0.95752895,,
17274,1746881917.4201338,,,,,,,,,1681.227619142,,,,,8030,0.0003,,,,,,,,,,,,,,,,,,,,,,,,,,,,
17274,1746881917.4223473,,,,,,,,,1681.227856383,,,,,8051,,,,,,156.24023,,,,,,,,,,,,,,,,,,,,,,,
17349,1746881921.9889019,,,,,,,,,1681.228196977,,,,,8081,,,,,,,,,,,,,,,,,,,,,,,,0.3524229,,,,,
17424,1746881926.5545979,,,,,,,,,1681.228388207,,,,,8098,,,,,,,,,,,,,,,,,,,,,,,,,,,,,3686400.0
17424,1746881926.5557706,,,,,,,,,1681.228490482,,,-0.0020554913,,8107,,,,,,,,,,,,,,,,,,,,,,,,,,,,,
17424,1746881926.5558648,,,,,,,,,1681.228723804,,,,,8110,,,,,,,,,,,51.27264,,,,,,,,,,,,,,,,,,
17424,1746881926.5570962,,,,,,,,,1681.228941302,,,,,8121,,,,,,159.96094,,,,,,,,,,,,,,,,,,,,,,,
17499,1746881931.1243212,,,,,,,,,1681.229560893,,0.0,,,8149,,,,,,,,,,,,,,,,,,,,,,,,,,,,,
17574,1746881935.692984,,,,,,,,,1681.23038606,,,,,8191,,,,,,160.0,,,,,,,,,,,,,,,,,,,,,,,
17649,1746881940.2581577,,,,,,,,,1681.230605197,,,,,8210,,,,4147200.0,,,,,,,,,,,,,,,,,,,,,,,,,
17724,1746881944.8257942,,,,,,,,,1681.231171643,,,,,8256,,,,,,,,,,,,,,,,,,,,,,,,0.3524229,,,,,
17799,1746881949.3907385,,4.0,,,,,,,1681.231361143,,,,,8272,,,,,,,,,,,,,,,,,,,,,,,,,,,,,
17799,1746881949.3907769,,,,,,,,,1681.23137308,,,,,8273,,,,,,,,,,,,,,,,,,,,,,,,,,,,,4454400.0
17799,1746881949.3908045,,,,,,,,,1681.231385468,,,,,8274,,,,,,,,,,,,,,,,,,,,,,,,,,0.0,,,
17874,1746881953.958821,,,,,,,,,1681.231950807,,,,,8323,,,,,,,,,,,,0.0,,,,,,,,,,,,,,,,,
17949,1746881958.5251105,,,,,,,,,1681.232292289,,,,,8353,,0.63311344,,,,,,,,,,,,,,,,,,,,,,,,,,,
18024,1746881963.0907059,,,,,,,,,1681.232763611,,,,,8374,,,,,,,,,,,,,,,0.0,,,,,,,,,,,,,,
18024,1746881963.0907438,,,,,,,,,1681.232779198,,,,168.0,8375,,,,,,,,,,,,,,,,,,,,,,,,,,,,,
18024,1746881963.0933647,,,,,,,,,1681.233439864,,,,,8403,,,,,,,,,,,,,0.36343613,,,,,,,,,,,,,,,,
18099,1746881967.6570656,,,,,,,,,1681.233524966,,,,,8407,,,,,,,0.0,,,,,,,,,,,,,,,,,,,,,,
18174,1746881972.2240012,,,,,,,,,1681.234279803,,,,,8448,,,,,,,,,,,,,,,,,,,,,,,,,,,,,5222400.0
18174,1746881972.2266777,,,,,,,,,1681.23456291,,,,,8473,,,,,,,,,,,,,0.36601734,,,,,,,,,,,,,,,,
18249,1746881976.79139,,,,,,,,,1681.234574666,,,,,8474,,,,,,,,,,,,,,,,,,,-6.6041737,,,,,,,,,,
18249,1746881976.7915368,,,,,,,,,1681.23459792,,,,,8476,,,,,,,,,,,,,,,,,,,,,,,252.0,,,,,,
18249,1746881976.7935467,,,,,,,,,1681.234853573,,,,,8496,,,,,,,,,,,,,,94.006935,,,,,,,,,,,,,,,
18249,1746881976.7936943,,,,,,,,,1681.234888168,,0.0,,,8499,,,,,,,,,,,,,,,,,,,,,,,,,,,,,
18324,1746881981.3613362,,,,,,,,,1681.235391612,,,,,8542,,,,,,,,,,,,,,,,,,,,0.38085938,,,,,,,,,
18399,1746881985.9253113,,,,,,,,,1681.235416423,,,,,8544,,,,,,,,,,,,,,,,,,,-6.639677,,,,,,,,,,
18399,1746881985.926648,,,,,,,,,1681.235644338,,,,,8564,,,,,,,,,,,,,,,,,,,,,,,,,1.2174561,,,,
18474,1746881990.4918368,,,,,,,,,1681.235815764,,,,,8579,,,,,,,,,,,,,,,,,,,-6.7635617,,,,,,,,,,
18474,1746881990.493349,,,,,,,,,1681.236040029,,,,,8599,,,,,,,,,,,,,,,,,,,,,,,,,1.3930391,,,,
18549,1746881995.0594487,,,,,,,,,1681.236608942,,,,,8627,,,,,,,,,,,,,,,,0.19042969,,,,,,,,,,,,,
18624,1746881999.626711,,,,,,,,,1681.237449903,,,-0.0012836637,,8667,,,,,,,,,,,,,,,,,,,,,,,,,,,,,
18624,1746881999.6275585,,,,0.0,,,,,1681.237791794,,,,,8675,,,,,,,,,,,,,,,,,,,,,,,,,,,,,
18699,1746882004.1936488,,,,,,,,,1681.23812945,,,,,8703,,0.6433449,,,,,,,,,,,,,,,,,,,,,,,,,,,
18774,1746882008.7595165,,,,,,,,,1801.256708016,,,,,8723,,,,,,,0.0,,,,,,,,,,,,,,,,,,,,,,
18774,1746882008.7595828,,,,,,,,,1801.256732392,,,,,8725,,,,,,,,,,,,,,,0.0,,,,,,,,,,,,,,
18849,1746882013.3278081,,,,,,,,,1801.257235936,,,,,8764,,,,,,,,,,,,,,,,,,,,,,,,,,,,,6604800.0
18924,1746882017.896495,,,,,,,,,1801.257752643,,,,,8809,,0.5746489,,,,,,,,,,,,,,,,,,,,,,,,,,,
18924,1746882017.898022,,,,,,,,,1801.258136363,,,,,8824,,,,,,,,,,,,,0.39647576,,,,,,,,,,,,,,,,
18999,1746882022.4632077,,,,,,,,,1801.258440818,,,,,8839,,,,,,,,,,,,,,,,,,,,,0.0069857803,,,,,,,,
18999,1746882022.4636147,,,,,,,,,1801.258543696,,,,,8844,,0.58845764,,,,,,,,,,,,,,,,,,,,,,,,,,,
19074,1746882027.0289922,,,,,,,,,1801.259368389,,,,,8863,,,,,,,0.0,,,,,,,,,,,,,,,,,,,,,,
19074,1746882027.0311906,,,,,0.0,,,,1801.25967697,,,,,8888,,,,,,,,,,,,,,,,,,,,,,,,,,,,,
19149,1746882031.5950027,,,,,,,,,1801.259846229,,,,,8902,,,,,,,,0.0,,,,,,,,,,,,,,,,,,,,,
19149,1746882031.595542,,,,,,,,,1801.259917125,,,,,8908,,,,,,,,,,,,,,,,0.21728516,,,,,,,,,,,,,
19149,1746882031.5959377,,,,,,,,,1801.259963763,,,,,8912,,,,,,,,,,,,,,,,,3525.0,,,,,,,,,,,,
19149,1746882031.5965137,,,,,,,,,1801.260055121,,0.0,,,8920,,,,,,,,,,,,,,,,,,,,,,,,,,,,,
19224,1746882036.1618898,,,,,,,,,1801.260334962,,,,,8944,,,,,,,,,,,,,,,,,,,,,0.0038022196,,,,,,,,
19224,1746882036.1632264,,,,,,,,,1801.260507028,,,,,8959,,,,,,,,,,,,,,,,,,,,,,0.0,,,,,,,
19299,1746882040.7280915,,,,,,,,,1801.260788558,,,-0.0028896388,,8983,,,,,,,,,,,,,,,,,,,,,,,,,,,,,
19299,1746882040.7287374,,,,,,,,,1801.260835419,,,,,8987,,,,,,,,,,,,,,79.31548,,,,,,,,,,,,,,,
19374,1746882045.2945387,,,,,,,,,1801.261271119,,,,,9024,,,,,,,,,,,,0.0,,,,,,,,,,,,,,,,,
19449,1746882049.8603761,,,,,,,,,1801.261546412,,,,,9048,,,,,,,,,,,,,,,,0.21875,,,,,,,,,,,,,
19449,1746882049.8615816,,,,,,,,,1801.261674642,,,,,9059,,,,,,,,,,,,0.0,,,,,,,,,,,,,,,,,
19449,1746882049.861652,,,,0.0,,,,,1801.261697599,,,,,9061,,,,,,,,,,,,,,,,,,,,,,,,,,,,,
19524,1746882054.427111,,,,,,,,,1801.262283535,,,,,9084,,,,,,,,,,,,,,,,,,,,,9.787653e-05,,,,,,,,
19524,1746882054.4977045,,,,,,,,,1801.262451678,,,,,9093,,,,,,,,,,,,,,,,,,,,,,,,,,,0.9729729,,
19605,1746882181.7360797,,,,,,,,,1921.286106656,,,,,9114,,,,,,,,,,,,,,,,,,,,,,,,,,,,,153600.0
19605,1746882181.7376416,,,,,,,,,1921.286258269,,,,,9126,,,,,,,,,,,3.2350569,,,,,,,,,,,,,,,,,,
19680,1746882186.0667908,,,,,,,,,1921.286510505,,,,,9147,,,,,,,,0.0,,,,,,,,,,,,,,,,,,,,,
19680,1746882186.0668259,,5.0,,,,,,,1921.286521118,,,,,9148,,,,,,,,,,,,,,,,,,,,,,,,,,,,,
19680,1746882186.0675251,,,,,,,,,1921.286589988,,,,,9154,,,,,,,,,,,,,,,,,,,,,0.0,,,,,,,,
19755,1746882190.3992767,,,,,,,,,1921.286953012,,,,,9185,,,,,,,,,,,,,,,,,,,,,,,,,,0.0,,,
19755,1746882190.3997383,,,,,,,,,1921.286963909,,,,,9186,0.0003,,,,,,,,,,,,,,,,,,,,,,,,,,,,
19755,1746882190.4001615,,,,,,,0.0013808437,,1921.287011758,,,,,9190,,,,,,,,,,,,,,,,,,,,,,,,,,,,,
19755,1746882190.4007752,,,,,,,,,1921.287121673,,,,,9199,,,,,,,,,,,,0.0,,,,,,,,,,,,,,,,,
19830,1746882194.7352793,,,,,,,,,1921.287391127,,,,,9223,,,,,,,,,,,,,,,,0.0,,,,,,,,,,,,,
19830,1746882194.7362757,,,,,,,,,1921.287554883,,,,,9237,,,,,,,,,,,,,,,,,,,,,,,,0.39647576,,,,,
19905,1746882199.0689662,,,,,,,,,1921.287656848,,,,,9246,,,,,,,,,,,,,,,,,,,,,,,,,,,,0.11411222,
19980,1746882203.4103441,,,,,,,,,1921.288327809,,,,,9304,,,,,,,,,,,,0.0,,,,,,,,,,,,,,,,,
20055,1746882207.748169,,,,,0.0,,,,1921.289730347,,,,,9343,,,,,,,,,,,,,,,,,,,,,,,,,,,,,
20055,1746882207.7485683,,,,,,,,,1921.289774479,,,,,9346,,,,,,,,,400.0,,,,,,,,,,,,,,,,,,,,
20130,1746882212.0841436,,,,,,,,0.0,1921.289876076,,,,,9354,,,,,,,,,,,,,,,,,,,,,,,,,,,,,
20130,1746882212.0849993,,,,,,,,,1921.289958474,,,,,9361,0.0003,,,,,,,,,,,,,,,,,,,,,,,,,,,,
20355,1746882225.1053472,,,,,,,,,1921.291373497,,,,,9475,,,,,,,,,,,,,,,,,,,,,,,,,1.2826066,,,,
20355,1746882225.1058357,,,,,,,,,1921.291424337,,,,,9479,,,,,,,,,,,,0.0,,,,,,,,,,,,,,,,,
20505,1746882233.7879014,,,,,,,,,1921.292183237,,,,,9542,,,,,,,,,,,,,,,,,975.0,,,,,,,,,,,,
20505,1746882233.788655,,,,,,,,,1921.292277341,,0.0,,,9550,,,,,,,,,,,,,,,,,,,,,,,,,,,,,
20580,1746882238.128837,,,,,,,,,1921.292407648,,,,,9562,,,,,,,,,,,,,,,,,,,,,,,132.0,,,,,,
20580,1746882238.1299214,,,,,,,0.0028572502,,1921.29254916,,,,,9575,,,,,,,,,,,,,,,,,,,,,,,,,,,,,
20580,1746882238.13007,,,,,,,,,1921.2926049,,,,,9580,,,,,,,,,,,,,,,,,,,,,,,,,2.6870406,,,,
20655,1746882242.4721646,,,,,,,,,1921.293552848,,,,,9605,,,,,,,,,,,,,,,,,,,,,,,,,,0.0,,,
20655,1746882242.4737542,,,,0.0,,,,,1921.294169275,,,,,9621,,,,,,,,,,,,,,,,,,,,,,,,,,,,,
20655,1746882242.4748638,,,,,,,,,1921.294254449,,,,,9628,,,,,,,,,,,,,,,,,,,,0.0,,,,,,,,,
20730,1746882246.8151212,,,,,,,,,1921.294365716,,,,,9637,,,,,,,,0.0,,,,,,,,,,,,,,,,,,,,,
20805,1746882251.158397,,,,,,,,,2041.312223265,,,,,9674,,,,,,,,,,,,,,,,,,,,,,,,,,,,,2611200.0
20805,1746882251.1605108,,,,,,,,,2041.312716497,,,,,9692,,,,,,,,,,,,,,,,,,,,,,,,0.39647576,,,,,
20880,1746882255.5026343,,,,,,,,,2041.313051051,,,,,9719,,0.5875199,,,,,,,,,,,,,,,,,,,,,,,,,,,
20955,1746882259.8460603,,,,,,,0.0015514062,,2041.313442898,,,,,9750,,,,,,,,,,,,,,,,,,,,,,,,,,,,,
21030,1746882264.18922,,,,,,,,,2041.313775568,,,,,9777,,,,,,,,0.0,,,,,,,,,,,,,,,,,,,,,
21030,1746882264.190858,,,,,,,,,2041.31397893,,,,,9793,,,,,,,,,,,,,,,,,,,,,,,,,,,0.38610038,,
21030,1746882264.191339,,,,,,,,,2041.314005054,,0.0,,,9795,,,,,,,,,,,,,,,,,,,,,,,,,,,,,
21030,1746882264.1920738,,,,,,,,,2041.314132449,,,,,9804,,,,,,,,,,,,,0.0048828125,,,,,,,,,,,,,,,,
21105,1746882268.5337923,,,,,,,,,2041.314373865,,,-0.0016275799,,9823,,,,,,,,,,,,,,,,,,,,,,,,,,,,,
21180,1746882272.8749032,,,,,,,,,2041.314693064,,,,,9847,,,,,,,,4.0,,,,,,,,,,,,,,,,,,,,,
21180,1746882272.8752975,,,,,,,,,2041.314738103,,,,,9851,0.0003,,,,,,,,,,,,,,,,,,,,,,,,,,,,
21180,1746882272.876355,,,,,,,,,2041.314854754,,,,,9861,,,,,,,,,,,1.6250424,,,,,,,,,,,,,,,,,,
21255,1746882277.2166224,,,,,,,,,2041.315577511,,,-0.0023206463,,9893,,,,,,,,,,,,,,,,,,,,,,,,,,,,,
21255,1746882277.2173295,,,,,,,,,2041.315654421,,,,,9897,,,,,,,,,,,,,,0.012245867,,,,,,,,,,,,,,,
21255,1746882277.2173746,,,,,,,,,2041.315674184,,,,,9898,,,,,,,,,,,,,,,,,,,,,,,,,,,0.47876447,,
21255,1746882277.2179236,,,,,,,,,2041.315854567,,,,,9906,,,,,,,,,400.0,,,,,,,,,,,,,,,,,,,,
21330,1746882281.557008,,,,,,,,,2041.316515973,,,,,9924,,,,,,,,,,,,,,,,,,,,,0.015277563,,,,,,,,
21330,1746882281.5571826,,,,,,,,,2041.316591392,,,,,9930,,,,,,,,,,,,,,,,,,,,,,,,,1.4291363,,,,
21330,1746882281.5585535,,,,,,,,,2041.316737048,,,,,9942,,,,,,39.960938,,,,,,,,,,,,,,,,,,,,,,,
21405,1746882285.9002793,,,,,,,,,2041.317082896,,0.0,,,9970,,,,,,,,,,,,,,,,,,,,,,,,,,,,,
21405,1746882285.9004316,,,,,,,,,2041.317148985,,,,,9975,,,,,0.0078125,,,,,,,,,,,,,,,,,,,,,,,,
21480,1746882290.2409754,,,,,,,,,2041.317324298,,,,,9989,,,,,,,,,,,,,,,,,,,,,,,,,,,,,3993600.0
21480,1746882290.2429552,,,,,,,,,2041.317568206,,,,,10009,,,,,,,,,,,,,,,,,,,,,,0.0,,,,,,,
21480,1746882290.2434313,,,,,,,,,2041.317602907,,,,,10012,,,,,,91.30859,,,,,,,,,,,,,,,,,,,,,,,
21555,1746882294.5836656,,,,,,,,,2041.317640908,,,,,10015,,,,,,,,,,,,,,,,,,,-3.6579704,,,,,,,,,,
21630,1746882298.9275925,,,,,,,,,2041.318304424,,,,,10069,,0.6073171,,,,,,,,,,,,,,,,,,,,,,,,,,,
21630,1746882298.9279282,,,,,,,,,2041.318342217,,,,,10072,,,,,,,,,,,,,,52.4365,,,,,,,,,,,,,,,
21705,1746882303.2708602,,,,,,,,,2041.318677037,,,,,10099,,,,,,,,,,,,,,,,,,,,,0.05738078,,,,,,,,
21780,1746882307.6120026,,,,,,,,0.0,2041.319323301,,,,,10124,,,,,,,,,,,,,,,,,,,,,,,,,,,,,
21780,1746882307.6122358,,,,,,,,,2041.319460636,,,,,10131,0.0003,,,,,,,,,,,,,,,,,,,,,,,,,,,,
21780,1746882307.6122634,,,,,,,,,2041.3194806,,,,,10132,,,,,,,,,,0.12207031,,,,,,,,,,,,,,,,,,,
21780,1746882307.6127846,,,,,,,0.055725034,,2041.319629337,,,,,10135,,,,,,,,,,,,,,,,,,,,,,,,,,,,,
21780,1746882307.6132245,,,,,,,,,2041.319747788,,,,,10139,,0.5570017,,,,,,,,,,,,,,,,,,,,,,,,,,,
21855,1746882311.9539177,,,,,,,,0.0,2041.320292376,,,,,10159,,,,,,,,,,,,,,,,,,,,,,,,,,,,,
21855,1746882311.9550016,,,,,,,,,2041.320376456,,,,,10166,0.0003,,,,,,,,,,,,,,,,,,,,,,,,,,,,
21855,1746882311.955901,,,,,,,,,2041.32054206,,0.0,,,10180,,,,,,,,,,,,,,,,,,,,,,,,,,,,,
21930,1746882316.2953296,,,,,,,,,2041.320896171,,,,,10206,,,,4915200.0,,,,,,,,,,,,,,,,,,,,,,,,,
22005,1746882320.6351197,,,,,,,,,2041.321128179,,,,,10226,,,,,,,,,,,,,,,,,,,,,,,,,,,,28.679365,
22005,1746882320.6364038,,,,,,,,,2041.321315788,,,,,10242,,,,,,,,,,,,,,,,,2475.0,,,,,,,,,,,,
22005,1746882320.6371999,,,,,,,,,2041.321425723,,,,,10252,,,,,,,,,,,,,,,,,,,,,,,,0.39647576,,,,,
22080,1746882324.9758735,,,,,,,,,2041.321537216,,,,,10262,,,,,,,,,,,,,,,,,,,,,,,132.0,,,,,,
22080,1746882324.9759977,,,,,,,,,2041.321580852,,,,180.0,10266,,,,,,,,,,,,,,,,,,,,,,,,,,,,,
22080,1746882324.9763954,,,,,,,,,2041.321634651,,,,,10271,0.0003,,,,,,,,,,,,,,,,,,,,,,,,,,,,
22230,1746882333.6581862,,,,,,,0.03455753,,2041.322735009,,,,,10345,,,,,,,,,,,,,,,,,,,,,,,,,,,,,
22230,1746882333.6593912,,,,,0.5984252,,,,2041.322968555,,,,,10358,,,,,,,,,,,,,,,,,,,,,,,,,,,,,
22305,1746882338.0009542,,,,0.0,,,,,2041.323820634,,,,,10391,,,,,,,,,,,,,,,,,,,,,,,,,,,,,
22455,1746882346.6840951,,,,,,,,,2041.324700868,,,,,10468,,,,,,,,,,,,,,,,,,,,0.33203125,,,,,,,,,
22530,1746882351.0242143,,,,,,,,,2041.32474719,,,,,10472,,,,,,,,,,,,,,,,,,,,,,,156.0,,,,,,
22530,1746882351.0253985,,,,,,,,,2041.324878254,,,,,10484,,,,,,,,,,,,,,,,,,,,,0.029712437,,,,,,,,
22530,1746882351.0273824,,,,,,,,,2041.325098088,,,,,10503,,,,,,,,,,,,,,,,,,,,0.390625,,,,,,,,,
22605,1746882355.3670132,,,,,,,,,2041.325360025,,,,,10526,,,,,,,,,,,44.29979,,,,,,,,,,,,,,,,,,
22755,1746882364.046263,,5.0,,,,,,,2041.326007882,,,,,10583,,,,,,,,,,,,,,,,,,,,,,,,,,,,,
22755,1746882364.0476336,,,,,,,,,2041.326313068,,,-0.0054052463,,10593,,,,,,,,,,,,,,,,,,,,,,,,,,,,,
22755,1746882364.1553664,,,,,,,,,2041.326510625,,,,,10604,,,,,,,,,,,,,,,,,,,,,,0.0,,,,,,,
22830,1746882368.4951475,,,,,0.70866144,,,,2161.347796068,,,,,10639,,,,,,,,,,,,,,,,,,,,,,,,,,,,,
22905,1746882372.835171,,,,,,,,,2161.348246754,,,,,10677,,,,,,,,,400.0,,,,,,,,,,,,,,,,,,,,
22980,1746882377.1722023,,5.0,,,,,,,2161.348384683,,,,,10689,,,,,,,,,,,,,,,,,,,,,,,,,,,,,
23055,1746882381.5120103,,,,,,,,0.0,2161.348740499,,,,,10720,,,,,,,,,,,,,,,,,,,,,,,,,,,,,
23130,1746882385.8514597,,,,,,,,,2161.34941646,,,,,10751,,,,,,,,,,,,,,,,,,,-6.8481374,,,,,,,,,,
23130,1746882385.8533587,,,,,,,,,2161.350304235,,,,,10772,,,,,,,,,,,48.370853,,,,,,,,,,,,,,,,,,
23130,1746882385.8539343,,,,,,,,,2161.350417424,,,,,10781,,,,,0.0078125,,,,,,,,,,,,,,,,,,,,,,,,
23280,1746882394.5320952,,,,,,,,,2161.350986942,,,,,10828,,,,,,,,180.0,,,,,,,,,,,,,,,,,,,,,
23280,1746882394.5321681,,,,,,,,,2161.351009149,,,,,10830,,,,,,,,,,,,,,,,,,,,,,,,,,,,,7680000.0
23355,1746882398.8736084,,,,,,,,,2161.351460789,,,,,10869,,,,,,,,,,,,,,,,0.12158203,,,,,,,,,,,,,
23355,1746882398.8736773,,,,,,,0.002560031,,2161.351483725,,,,,10871,,,,,,,,,,,,,,,,,,,,,,,,,,,,,
23430,1746882403.2118719,,,,,,,,,2161.351708654,,,,,10891,,,,,,,,,,,,,,,,,,,-7.082411,,,,,,,,,,
23430,1746882403.2131472,,,,,,,,,2161.351954257,,,,,10910,,0.5840913,,,,,,,,,,,,,,,,,,,,,,,,,,,
23430,1746882403.2135863,,,,,,,,,2161.351977822,,,,,10912,,,,,,,,,,,52.79933,,,,,,,,,,,,,,,,,,
23430,1746882403.2145255,,,,,,,,,2161.352124845,,,,,10924,,,,,,,,,,,,,,,,,,,,0.3125,,,,,,,,,
