Losses/actor_loss,task_1_1__no_cooperation,General/shaped_reward_annealed_agent1,General/shaped_reward_agent0,Losses/reg_loss,_timestamp,returned_episode,Losses/total_loss,returned_episode_returns,returned_episode_lengths,_runtime,Advantage_Targets/targets,Advantage_Targets/advantages,task_0_0__asymm_advantages,Losses/entropy,Evaluation/4__easy_layout,Scaled_returns/evaluation_4__easy_layout_scaled,Scaled_returns/evaluation_3__smallest_kitchen_scaled,reward,General/update_step,Evaluation/0__asymm_advantages,global_step,Scaled_returns/returned_episode_returns_scaled,General/env_index,Scaled_returns/evaluation_2__square_arena_scaled,explore,General/learning_rate,General/explore,General/steps_for_env,task_2_2__square_arena,task_4_4__easy_layout,task_5_5__cramped_room,Evaluation/5__cramped_room,Scaled_returns/evaluation_0__asymm_advantages_scaled,Losses/value_loss,General/env_step,Scaled_returns/evaluation_5__cramped_room_scaled,_step,Evaluation/1__no_cooperation,Evaluation/2__square_arena,General/shaped_reward_agent1,General/shaped_reward_annealed_agent0,Scaled_returns/evaluation_1__no_cooperation_scaled,task_3_3__smallest_kitchen,Evaluation/3__smallest_kitchen
,,,,,1746880432.9708626,,,,,120.815143573,,,,,,,,,,176.0,75,,,,,,,,,,,,,,,,2,,,,,,,
,,,,,1746880437.6688526,,,,,120.94028777,,,,,,,,,,,150,,,,,,,,,,,,,56.21444,,,57,,,,,,,
,,,,,1746880442.3624265,,,,,120.940742627,,,,,0.0,,,,,,225,,,,,,,,,,,,,,,,76,,,,,,,
-0.006789721,,,,,1746880447.0605829,,,,,240.962806291,,,,,,,,,,,300,,,,,,,,,,,,,,,,123,,,,,,,
,,,,,1746880447.0613782,,,,,240.975733445,,,,,,,,,,,300,,,0.0,,,,,,,,,,,,,130,,,,,,,
,,,,,1746880451.7572684,,,,,240.976156806,,,,,,,,,375.0,,375,,,,,,,,,,,,,,,,157,,,,,,,
,,,,0.0,1746880456.454689,,,,,240.977438036,,,,,,,,,,,450,,,,,,,,,,,,,,,,195,,,,,,,
,,,,,1746880461.1521277,,,,,240.97839446,,,,,,,,,,,525,,,,,,,,,,,,,,,0.0,238,,,,,,,
,,0.3782667,,,1746880465.8485417,,,,,240.978690509,,,,,,,,,,,600,,,,,,,,,,,,,,,,260,,,,,,,
,,,,,1746880465.849965,,,,,240.978879445,,,,,,,,,,,600,,,,0.0,,,,,,,,,,,,274,,,,,,,
,,,,,1746880470.5471368,,,,,240.979488223,,,,,,,,,,,675,,,,,,,,,,,,,,,0.0,308,,,,,,,
,,,,,1746880475.2438753,,,,,240.979921996,,,,,,,,,,,750,,,,,,,,,,,,,,,,339,,,,,0.0,,
,,,,,1746880479.9374459,,,,,240.980192469,,,,,,,,,,,825,,0.0,,,,,,,,,,,,,,358,,,,,,,
,,0.32816616,,,1746880484.6359775,,,,,240.980769225,,,,,,,,,,,900,,,,,,,,,,,,,,,,400,,,,,,,
,,,,,1746880489.3316777,,,,,240.982028526,,,,,,,,,,,975,,,,,,,1996800.0,,,,,,,,,436,,,,,,,
,,,,,1746880489.33282,,,,,240.982600401,,,,,,,,,,,975,,,,0.0,,,,,,,,,,,,449,,,,,,,
,,,,,1746880508.120916,,,,,240.984387916,,,,,,,,,,,1275,,,,,,,,,,,,0.89867836,,,,583,,,,,,,
,,,,,1746880508.1209798,,,,,240.984410575,,,,,,,,,,,1275,,,0.0,,,,,,,,,,,,,585,,,,,,,
,,,,,1746880508.1213164,,,,,240.984444783,,,,,,,,,,,1275,,,,,,,,,,,,,,,0.0,588,,,,,,,
,,,0.22705078,,1746880512.8150845,,,,,240.984669824,,,,,,,,,,,1350,,,,,,,,,,,,,,,,607,,,,,,,
-0.014661536,,,,,1746880512.8159504,,,,,240.984738957,,,,,,,,,,,1350,,,,,,,,,,,,,,,,613,,,,,,,
,,,,,1746880517.5130024,,,,,240.985252984,,,,,,,0.0,,,,1425,,,,,,,,,,,,,,,,656,,,,,,,
,,,,,1746880517.5130708,,,,,240.985461998,,,,,,,,,,,1425,,,,,,,,,,,,,,,0.0,658,,,,,,,
,,,,,1746880517.5131364,0.0078125,,,,240.985505091,,,,,,,,,,,1425,,,,,,,,,,,,,,,,660,,,,,,,
,,,,,1746880522.2080657,,,,,240.986271694,,,,,,,0.0,,,,1500,,,,,,,,,,,,,,,,691,,,,,,,
,,,,,1746880531.6010687,,,,,240.987556536,,,,0.5700047,,,,,,,1650,,,,,,,,,,,,,,,,754,,,,,,,
,,,,,1746880531.6020443,,,,,240.987631089,,,,,,,,,,,1650,,,0.0,,,,,,,,,,,,,760,,,,,,,
,,,,,1746880536.2971826,,,,,240.988110032,,,,,,,,,,,1725,,,,,,,,,,,,,,,0.0,798,,,,,,,
,,,,,1746880536.2973228,,,467.5586,,240.98816486,,,,,,,,,,,1725,,,,,,,,,,,,,,,,802,,,,,,,
,,,,,1746880540.9898827,,,,,240.988242957,,,,,,,,,,,1800,,,,,,,,,,,,,,,,808,0.0,,,,,,
,,,,,1746880540.9899209,,,,,240.988255302,,,,,,,,,,,1800,,,,,,,,,,,,,,,,809,,0.0,,,,,
,,,0.30029297,,1746880540.9908447,,,,,240.988358949,,,,,,,,,,,1800,,,,,,,,,,,,,,,,817,,,,,,,
,,,,,1746880540.9917877,,,,,240.988414045,,,,,,,,,,,1800,,,,,,,3686400.0,,,,,,,,,821,,,,,,,
,,,,,1746880540.993256,,,,,240.988586093,,,,,,,,,,,1800,,,,0.0,,,,,,,,,,,,834,,,,,,,
,,,,,1746880555.0819626,,,,,240.989555569,94.186295,,,,,,,,,,2025,,,,,,,,,,,,,,,,911,,,,,,,
,,,,,1746880555.083226,,,,,240.989701111,,,,,,,,,,,2025,,,,,,,,,,,,,,,,923,,,0.45703125,,,,
-0.012274578,,,,,1746880555.0834126,,,,,240.98976836,,,,,,,,,,,2025,,,,,,,,,,,,,,,,928,,,,,,,
,,,,,1746880559.7789223,,,,,240.990004027,91.36383,,,,,,,,,,2100,,,,,,,,,,,,,,,,946,,,,,,,
,,,,,1746880559.7792594,,,,,240.990383554,,,,,0.0,,,,,,2100,,,,,,,,,,,,,,,,951,,,,,,,
,,,,,1746880559.7806275,,,,,240.990569638,,,,,,,,,,,2100,,,,,,,,,,,,,,,,958,,,0.42919922,,,,
,,,,,1746880559.783017,0.0078125,,,,240.991109628,,,,,,,,,,,2100,,,,,,,,,,,,,,,,975,,,,,,,
,,,,,1746880564.4785454,,,,,240.991517886,,,,,,,,,,448.0,2175,,,,,,,,,,,,,,,,982,,,,,,,
,,,,,1746880564.4786267,,,,,240.991531992,,,,,,,,,,,2175,,,,,,,,,,,,,,,,983,0.0,,,,,,
,,,,,1746880564.4789162,,,,,240.991590631,,,,,,,,,,,2175,,,,,,,,,,,0.0,,,,,987,,,,,,,
,,,,,1746880564.480513,,,,,240.991762369,,,,0.63026273,,,,,,,2175,,,,,,,,,,,,,,,,999,,,,,,,
,,,0.30517578,,1746880569.177597,,,,,361.00874295,,,,,,,,,,,2250,,,,,,,,,,,,,,,,1027,,,,,,,
,,,,,1746880569.1783264,,219.57336,,,361.008877726,,,,,,,,,,,2250,,,,,,,,,,,,,,,,1036,,,,,,,
,,,,0.0,1746880573.8747013,,,,,361.009359731,,,,,,,,,,,2325,,,,,,,,,,,,,,,,1070,,,,,,,
,,,,,1746880578.5713646,,,,,361.009749312,,,,,,,,,,,2400,,,,,,,,,,,,,,,,1099,,,,0.10833359,,,
,,,,,1746880578.5727592,0.0078125,,,,361.009945869,,,,,,,,,,,2400,,,,,,,,,,,,,,,,1115,,,,,,,
,,,,,1746880583.2670424,,,,,361.010016618,,-16.348656,,,,,,,,,2475,,,,,,,,,,,,,,,,1120,,,,,,,
,,,,,1746880583.267946,,,,,361.010074421,,,,,,,,,,,2475,,,,,,,,,,,,,,,,1124,,0.0,,,,,
,,,0.28076172,,1746880583.2686927,,,,,361.010599211,,,,,,,,,,,2475,,,,,,,,,,,,,,,,1132,,,,,,,
,,,,,1746880583.2688553,,,,,361.01064229,,,,,,,,,,,2475,,,,,,,,,,,,,,,,1134,,,,0.10294297,,,
,,,,,1746880587.9647632,,,,,361.011482617,,,,,0.0,,,,,,2550,,,,,,,,,,,,,,,,1161,,,,,,,
,,,,,1746880592.660715,,,,,361.011956098,,,,,,,,,,,2625,,,,,0.0003,,,,,,,,,,,1201,,,,,,,
,,,,,1746880592.6607823,,,,,361.011979434,,,,,,,,,,,2625,,,,,,,,,,,,,,,,1203,,,0.46728516,,,,
,,,,,1746880592.6618488,,,,,361.012101208,,,,,,,,,,,2625,,,,,,,,,,,,1.0044053,,,,1213,,,,,,,
,,,,,1746880592.6628187,,,,400.0,361.012191009,,,,,,,,,,,2625,,,,,,,,,,,,,,,,1221,,,,,,,
,,,,,1746880602.055355,,,,,361.012848028,,,,0.51788807,,,,,,,2775,,,,,,,,,,,,,,,,1279,,,,,,,
,,,,,1746880602.0568445,,,,,361.013020181,,,,,,,,1.1425781,,,2775,,,,,,,,,,,,,,,,1293,,,,,,,
,,,,,1746880606.7480695,,,,,361.013043612,,-13.545064,,,,,,,,,2850,,,,,,,,,,,,,,,,1295,,,,,,,
,,,,,1746880606.748506,,,,,361.01305541,87.728615,,,,,,,,,,2850,,,,,,,,,,,,,,,,1296,,,,,,,
,,,,,1746880611.4471388,,,,,361.013701112,,,,,,,,,,,2925,,,,,,,,,,,,1.0220264,,,,1353,,,,,,,
,,,,,1746880611.448607,,,,,361.013821787,,,,,,,,,,,2925,0.98325217,,,,,,,,,,,,,,,1364,,,,,,,
,,,,,1746880616.1413577,,,,,361.013834063,,-13.951307,,,,,,,,,3000,,,,,,,,,,,,,,,,1365,,,,,,,
,,,,,1746880620.8382907,,,,,361.014970596,,,,,,,,,,,3075,,,,,,,,,,,,,,6297600.0,,1409,,,,,,,
,,,,,1746880620.8399289,,,,,361.015378263,,,,,,,,,,,3075,,,,,,,,,,,,,,,,1424,,,,,0.0,,
,,,,,1746880625.5329392,,,,,361.015833193,,,,,,,,,,,3150,,,,,,,,,,,,,,,,1438,0.0,,,,,,
,,,,,1746880625.533179,,,,,361.015915669,,,,,,,,,,,3150,,,,,,,,,,,,,,6451200.0,,1444,,,,,,,
,,,0.30029297,,1746880625.5341687,,,,,361.015957635,,,,,,,,,,,3150,,,,,,,,,,,,,,,,1447,,,,,,,
,,,,,1746880630.3446238,,,,,361.016298793,,,,,,,,,,,3225,,,,,,,,,,,,,,,,1473,0.0,,,,,,
,,,,,1746880635.0432553,,,,,361.016992093,,,,,,,,,,,3300,,,,,,,,,,,,,370.16122,,,1527,,,,,,,
,,,,,1746880635.043779,,,,,361.017018658,,,,,,,,,,,3300,,,,,,,,,,,,,,,,1529,,,,,0.0,,
,,,,,1746880639.7371984,,,,,361.017278765,,,,,,,,,,,3375,,,,,,0.0,,,,,,,,,,1550,,,,,,,
,,,,,1746880639.7400048,0.0078125,,,,361.017542143,,,,,,,,,,,3375,,,,,,,,,,,,,,,,1570,,,,,,,
,,0.0543556,,,1746880644.4331691,,,,,361.017798682,,,,,,,,,,,3450,,,,,,,,,,,,,,,,1590,,,,,,,
,,,,,1746880649.1275873,,,,,361.018085499,,,,,,,,,,456.0,3525,,,,,,,,,,,,,,,,1612,,,,,,,
,,,,,1746880658.5199492,,,,,361.020079215,,,,,,,,,,,3675,,,,,,,,,,,,,,7526400.0,,1689,,,,,,,
,,,,,1746880658.5219402,,,,,361.020276365,,,,,,,,,,,3675,,,,,,,,,,,,1.0484581,,,,1703,,,,,,,
,,,,,1746880663.218339,,,,,361.02064742,,,,,,,,,3750.0,,3750,,,,,,,,,,,,,,,,1732,,,,,,,
,,,,,1746880663.2195866,,,,,361.020771447,,,,,,0.0,,,,,3750,,,,,,,,,,,,,,,,1742,,,,,,,
,,,,0.0,1746880667.9128602,,,,,361.021136184,,,,,,,,,,,3825,,,,,,,,,,,,,,,,1770,,,,,,,
,,,,,1746880667.9154286,,,,,361.021304347,,,,,,,,,,,3825,1.015668,,,,,,,,,,,,,,,1784,,,,,,,
,,,,,1746880672.6068728,,,,,361.021328317,81.37659,,,,,,,,,,3900,,,,,,,,,,,,,,,,1786,,,,,,,
,,,,,1746880672.6071966,,,,,361.021376883,,,,,,,,,,,3900,,,,,,,,,,,,,,,,1790,,,,,,,0.0
,,,,,1746880672.6078742,,,,,361.021435335,,,,,,,,,,,3900,,,,,,0.0,,,,,,,,,,1795,,,,,,,
,,,,,1746880672.610687,,,,400.0,361.021698963,,,,,,,,,,,3900,,,,,,,,,,,,,,,,1816,,,,,,,
,,,,,1746880672.6107569,,,,,361.021724656,,,,,,,,1.171875,,,3900,,,,,,,,,,,,,,,,1818,,,,,,,
,,,,,1746880859.5439289,,,,,601.06436424,,,,,,,,,,,3981,,,,,0.0003,,,,,,,,,,,1832,,,,,,,
,,,,,1746880863.9844084,,,,,601.066491589,,,,,,,,0.0,,,4056,,,,,,,,,,,,,,,,1889,,,,,,,
,,,,1.1348059,1746880868.4205704,,,,,601.066764748,,,,,,,,,,,4131,,,,,,,,,,,,,,,,1911,,,,,,,
,,,,,1746880872.8590682,,0.75773,,,601.067191851,,,,,,,,,,,4206,,,,,,,,,,,,,,,,1947,,,,,,,
,,,,,1746880872.8596334,,,,,601.067281601,,,,,,,,,,,4206,,,,0.0,,,,,,,,,,,,1955,,,,,,,
,,,,,1746880877.2961388,,,,,601.067610533,,,,,,,,,,,4281,,,,,,,,,,,,1.0132158,,,,1984,,,,,,,
,,,,,1746880877.2972465,,,,,601.067726129,,,,,,,,0.0,,,4281,,,,,,,,,,,,,,,,1994,,,,,,,
,,,,,1746880881.7328212,,,,,601.067769015,,,,,,,,,,464.0,4356,,,,,,,,,,,,,,,,1998,,,,,,,
,,,,,1746880881.7329123,,,,,601.067811564,,,,,,,,,,,4356,,,,,,,,,,,,,,,,2001,,,,,,,0.0
,,0.0,,,1746880881.7339425,,,,,601.067925154,,,,,,,,,,,4356,,,,,,,,,,,,,,,,2011,,,,,,,
,,,,,1746880886.1710696,,,,,601.06858602,0.12146688,,,,,,,,,,4431,,,,,,,,,,,,,,,,2032,,,,,,,
,,,,,1746880886.1721623,,,,,601.068771181,,,,,,,,,,,4431,,,,,0.0003,,,,,,,,,,,2042,,,,,,,
,,,,,1746880890.6119933,,,,,601.070041643,,,,,,,,,,,4506,,,,,,,,,,,,,,1228800.0,,2075,,,,,,,
,,,,,1746880890.612491,,,,,601.070054138,,,,,,,,,,,4506,,,,,,0.0,,,,,,,,,,2076,,,,,,,
,,,,,1746880895.0519283,,,,,601.070356082,,0.0057162507,,,,,,,,,4581,,,,,,,,,,,,,,,,2101,,,,,,,
,,,,,1746880908.381368,,,,,601.07178975,,,,1.0175052,,,,,,,4806,,,,,,,,,,,,,,,,2225,,,,,,,
,,,,,1746880908.3822846,,,,,601.071823731,,,,,,,,,,,4806,,,,,,,,,,,,,0.06263469,,,2228,,,,,,,
,,,,,1746880912.8233407,,,,,601.072252823,,,,,,,,,,,4881,,,,,,,,,,,,1.0308369,,,,2264,,,,,,,
,,,,,1746880917.2655368,,,,,601.072862012,,,,1.0557508,,,,,,,4956,,,,,,,,,,,,,,,,2295,,,,,,,
,,,,,1746880917.2667873,,,,400.0,601.073105822,,,,,,,,,,,4956,,,,,,,,,,,,,,,,2307,,,,,,,
,,,,,1746880921.7116518,,,,,601.073919571,,,,,,,,,,,5031,,,0.0,,,,,,,,,,,,,2336,,,,,,,
,,,,,1746880926.155384,,0.9627409,,,601.074292868,,,,,,,,,,,5106,,,,,,,,,,,,,,,,2367,,,,,,,
,,,,,1746880930.5976174,,,,,721.095367644,,,,,,,,,,,5181,,,,,,,,,,,,,,,,2384,8.0,,,,,,
,,,,,1746880930.6006794,,,,,721.096232162,,,,,,0.0,,,,,5181,,,,,,,,,,,,,,,,2408,,,,,,,
,,,,,1746880935.043628,,,,,721.097108651,,,,,,,,,,,5256,,,0.0,,,,,,,,,,,,,2441,,,,,,,
,,,,,1746880935.0439138,,,,,721.097528165,,,,,,,,,,,5256,0.065660976,,,,,,,,,,,,,,,2450,,,,,,,
,,,,,1746880939.485473,,,,,721.09758985,,,,,,,,,,,5331,,,,,,,,,,,,,,,,2455,,0.0,,,,,
,,,0.0078125,,1746880939.4865987,,,,,721.097690117,,,,,,,,,,,5331,,,,,,,,,,,,,,,,2463,,,,,,,
,,,,,1746880939.4885182,,,,,721.097928656,,,,,,,,,,,5331,,,,0.0,,,,,,,,,,,,2480,,,,,,,
,,,,,1746880943.9313407,,,13.798828,,721.098462479,,,,,,,,,,,5406,,,,,,,,,,,,,,,,2518,,,,,,,
,,,,,1746880952.8133094,,,,,721.099031192,,-1.2333437,,,,,,,,,5556,,,,,,,,,,,,,,,,2556,,,,,,,
,,,,,1746880952.8135755,,,,,721.099061619,,,,,,,,,,468.0,5556,,,,,,,,,,,,,,,,2558,,,,,,,
,,,,,1746880952.8149078,,,,,721.099228863,,,,,,,,,,,5556,,,,,,,,,,,,,,,,2569,,,0.0234375,,,,
,,,,,1746880952.817169,,,51.18164,,721.099514859,,,,,,,,,,,5556,,,,,,,,,,,,,,,,2588,,,,,,,
,,,,,1746880957.2575393,,,,,721.099608224,,,,,,,,,,,5631,,,,,,,,,,,,,,,,2595,,0.0,,,,,
,,,,,1746880957.2587643,,,,,721.099764302,,,,,,,,,,,5631,,,,,,,3532800.0,,,,,,,,,2607,,,,,,,
,,,,,1746880961.7028542,,,,,721.100049106,,,,,,,,,,,5706,,,,,,,,,,,,,,,,2630,,0.0,,,,,
,,,,,1746880961.7031577,,,,,721.100125101,,,,,,,,,,,5706,,,,,,0.0,,,,,,,,,,2636,,,,,,,
,,,,,1746880966.148508,,,,,721.101178001,,,,,,,,,,,5781,,,,,,,,,,,,0.9955947,,,,2684,,,,,,,
,,,,,1746880970.5948262,,,,,721.102363006,,,,,,,,,,,5856,0.29639527,,,,,,,,,,,,,,,2730,,,,,,,
,,,,,1746880979.4855404,,,,,721.102994148,,,,,,,,,,,6006,,,,,,,4300800.0,,,,,,,,,2782,,,,,,,
,,,,,1746880983.9294798,,,,,721.10324936,,,,,,,,,,472.0,6081,,,,,,,,,,,,,,,,2803,,,,,,,
,,,,0.49620748,1746880983.9310987,,,,,721.10345509,,,,,,,,,,,6081,,,,,,,,,,,,,,,,2821,,,,,,,
,,,,,1746880988.3740616,,,,,721.103729067,,,,,,,,,,,6156,,,,,,,,,,,,,,4608000.0,,2845,,,,,,,
,,,,,1746880992.8199434,,,,,721.104206547,,,,,,,,,,,6231,,,,,,,,,,,,,,,,2885,,,,0.034216158,,,
,,,,,1746880992.822376,,,117.54883,,721.104410329,,,,,,,,,,,6231,,,,,,,,,,,,,,,,2903,,,,,,,
,,,,,1746880992.822446,,,,,721.104434095,,,,,,,,,,,6231,0.51556504,,,,,,,,,,,,,,,2905,,,,,,,
,,,,,1746880997.2678673,,,,,721.104887818,,,,,,,,,,,6306,,,,,,,,,,,,,30.935856,,,2928,,,,,,,
,,,,,1746881001.8344073,,,,,721.105477048,,,,,,,,,,,6381,,,,,,,,,,,,,,,,2954,,,0.092285156,,,,
,,,,,1746881010.7226598,,,,,721.106601955,,,,,,,,,,,6531,,,,,,,,,,,,,,,,3014,136.0,,,,,,
,,,,,1746881019.6082969,,,,,721.107521409,,,,,,,,,,472.0,6681,,,,,,,,,,,,,,,,3083,,,,,,,
,,,,,1746881024.0524223,,,,,721.108076431,,,,,,,,,,,6756,,,,,,,,,,,,,,5836800.0,,3125,,,,,,,
,,,,,1746881028.5011182,,,,,721.108768178,,,,,,,,,,,6831,,,,0.0,,,,,,,,,,,,3180,,,,,,,
,,,,,1746881032.9431803,,,,,721.109160425,,,,,,,,,,464.0,6906,,,,,,,,,,,,,,,,3188,,,,,,,
,,,,,1746881032.9441054,,,,,721.109415355,,,,,,,,,,,6906,,,,,,,,,,,,,,,,3200,,,,0.031186718,,,
,,,,,1746881032.9452868,,,,,721.109682777,,,,,,,0.0,,,,6906,,,,,,,,,,,,,,,,3212,,,,,,,
,,,,,1746881037.3865948,,,,,721.110258042,,,,,,,,,,,6981,,,,,,0.0,,,,,,,,,,3231,,,,,,,
,,,,,1746881041.8306394,,,,,721.110679873,,,,,,,,,,,7056,,,,,,,,,,,,,,6451200.0,,3265,,,,,,,
,,,,,1746881041.8337228,,,160.0293,,721.110958424,,,,,,,,,,,7056,,,,,,,,,,,,,,,,3288,,,,,,,
,,,,,1746881046.2743216,,,,,721.111072092,,,,,0.0,,,,,,7131,,,,,,,,,,,,,,,,3297,,,,,,,
,,,,,1746881050.7168446,,,,,841.134885811,,,,,,,,,,,7206,,,,,,,,,,,,,,,,3331,,,,,,,0.0
,,,,,1746881050.718757,,,,,841.135136929,,,,,,,,,,,7206,,,,,,,,,,,,,,,,3350,,,,,0.71929824,,
,,,,,1746881050.7196605,,,,,841.13525767,,,,,,,,,,,7206,0.74574256,,,,,,,,,,,,,,,3360,,,,,,,
,,,,,1746881059.602876,,,,,841.135799029,,,,,,,,,,,7356,,,,,,0.0,,,,,,,,,,3406,,,,,,,
,,,,,1746881059.6041632,,39.538742,,,841.135925573,,,,,,,,,,,7356,,,,,,,,,,,,,,,,3417,,,,,,,
,,,,,1746881064.0474327,,,,,841.136356971,,,,,,,,,,,7431,,,,,,,,,,,,1.0132158,,,,3454,,,,,,,
,,,,,1746881072.9322913,,,,,841.136914144,29.318161,,,,,,,,,,7581,,,,,,,,,,,,,,,,3502,,,,,,,
,,,,,1746881072.9354863,,,171.32812,,841.137279581,,,,,,,,,,,7581,,,,,,,,,,,,,,,,3533,,,,,,,
,,,,,1746881072.9355164,,,,,841.137290156,,,,,,,,0.33203125,,,7581,,,,,,,,,,,,,,,,3534,,,,,,,
,,,0.15722656,,1746881077.3769214,,,,,841.138039403,,,,,,,,,,,7656,,,,,,,,,,,,,,,,3548,,,,,,,
,,,,,1746881081.8202488,,,,,841.138893412,,,,,,,,,,,7731,,,,,,,,,,,,,,,,3585,,,,0.0033928119,,,
,,,,,1746881081.8212879,,,,,841.139020994,,,,,,,,,,,7731,,,,,,,,,,,,,,,,3595,,,,,0.80701756,,
,,,,,1746881086.2628772,,,,,841.139407672,,,,,,,,,,,7806,,,,,,,,,,,,,88.387405,,,3628,,,,,,,
,,,,,1746881271.8925283,,,,,961.160917879,,,,,,,,,,,7962,,2.0,,,,,,,,,,,,,,3685,,,,,,,
,,,,,1746881271.8946524,,,,,961.161139569,,,,,,,0.0,,,,7962,,,,,,,,,,,,,,,,3703,,,,,,,
,,0.0,,,1746881280.828655,,,,,961.162808623,,,,,,,,,,,8112,,,,,,,,,,,,,,,,3762,,,,,,,
,,,,,1746881289.765588,,,,,1081.188684986,,,,,,,,,,,8262,,,,,,,,,,,,,,,,3822,,,,,,,0.0
,,,,,1746881289.7675796,,,,,1081.188842057,,,,,,,,,,,8262,,,,,,,921600.0,,,,,,,,,3833,,,,,,,
,,,,,1746881294.2343967,,,,,1081.189252612,,,,,,,,,,,8337,,2.0,,,,,,,,,,,,,,3860,,,,,,,
,,0.0,,,1746881294.2357478,,,,,1081.189341746,,,,,,,,,,,8337,,,,,,,,,,,,,,,,3867,,,,,,,
,,,,,1746881294.2358203,,,,,1081.18936589,,,,,,,,,525.0,,8337,,,,,,,,,,,,,,,,3869,,,,,,,
,,,,,1746881294.237138,,,,,1081.189485404,,,,,,,0.0,,,,8337,,,,,,,,,,,,,,,,3878,,,,,,,
,,,,,1746881294.2377412,,,,,1081.189586347,,,,,,,,,,,8337,0.0,,,,,,,,,,,,,,,3886,,,,,,,
,,,,,1746881298.7034595,,,,,1081.189714795,,,,,,,,,,,8412,,,,,,,,,,,,,,1228800.0,,3896,,,,,,,
,,0.0,,,1746881298.7045429,,,,,1081.189795298,,,,,,,,,,,8412,,,,,,,,,,,,,,,,3902,,,,,,,
,,,,,1746881298.705421,,,,,1081.189886347,,,,,,,,,,,8412,,,,,,,,,,,,,0.00038114475,,,3909,,,,,,,
,,,,,1746881303.1725543,,,,,1081.19009792,,,,,,,,,,,8487,,,,,,,,,,,,,,,,3926,,0.0,,,,,
,,,,,1746881303.1725926,,,,,1081.190109481,,,,,,,,,,,8487,,,,,,,,,,,,,,,,3927,,,,,,,0.0
-0.00035699562,,,,,1746881312.1085222,,,,,1081.192202472,,,,,,,,,,,8637,,,,,,,,,,,,,,,,4010,,,,,,,
,,,,,1746881316.5771146,,,,,1081.192526856,,,,,,,,,,,8712,,,,,,,,,,,,,,,,4031,,0.0,,,,,
,,,,,1746881316.5793808,,,,,1081.192768054,,,,,,,,,,,8712,,,,,,,,,,,,,0.00013659327,,,4049,,,,,,,
,,,,,1746881316.5806339,,,0.0,,1081.192899714,,,,,,,,,,,8712,,,,,,,,,,,,,,,,4059,,,,,,,
,,,,,1746881325.5173662,,,,,1081.19361096,,,,,,,,,1050.0,,8862,,,,,,,,,,,,,,,,4114,,,,,,,
,,0.0,,,1746881329.9870203,,,,,1081.194019328,,,,,,,,,,,8937,,,,,,,,,,,,,,,,4147,,,,,,,
,,,,,1746881334.4541147,,,,,1081.19432925,,,,,,,,,,,9012,,,,,,,,,,,,,,,,4170,184.0,,,,,,
,,,0.0,,1746881338.9248729,,,,,1081.194925457,,,,,,,,,,,9087,,,,,,,,,,,,,,,,4214,,,,,,,
,,,,,1746881338.926423,,,,,1081.195415034,,,,,,,0.0,,,,9087,,,,,,,,,,,,,,,,4228,,,,,,,
,,,,,1746881343.391627,,,,,1081.195636241,,,,,,,,,,460.0,9162,,,,,,,,,,,,,,,,4239,,,,,,,
,,,,,1746881343.3916974,,,,,1081.195713124,,,,,,,,,,,9162,,,,,,,,,,,,,,,,4241,,0.0,,,,,
,,,,,1746881347.8588018,,,,,1081.196685302,0.009600865,,,,,,,,,,9237,,,,,,,,,,,,,,,,4273,,,,,,,
,,,,,1746881347.858985,,,,,1081.196748867,,,,,0.0,,,,,,9237,,,,,,,,,,,,,,,,4278,,,,,,,
,,,,,1746881352.326496,,,,,1081.197176765,,,,,,,,,,,9312,,,,,,,,,,,,,,,,4311,,0.0,,,,,
,,,0.0,,1746881352.3276603,,,,,1081.197290589,,,,,,,,,,,9312,,,,,,,,,,,,,,,,4319,,,,,,,
,,,,,1746881352.3299937,,,0.0,,1081.197543874,,,,,,,,,,,9312,,,,,,,,,,,,,,,,4339,,,,,,,
,,,,,1746881356.7951808,,,,,1081.197583727,,-0.0066934517,,,,,,,,,9387,,,,,,,,,,,,,,,,4342,,,,,,,
,,,,,1746881356.7990735,,,,,1081.197997471,,,,,,,,0.0,,,9387,,,,,,,,,,,,,,,,4375,,,,,,,
,,,,,1746881361.263905,,,,,1081.198062171,,,,,,,,,,,9462,,,,,,,,,,,,,,,,4380,180.0,,,,,,
,,,,,1746881361.2640233,,,,,1081.198074154,,,,,,,,,,,9462,,,,,,,,,,,,,,,,4381,,0.0,,,,,
,,,,,1746881365.7316532,,,,,1081.198487714,,,,,,,,,,,9537,,,,,,,,,,,,,,,,4415,180.0,,,,,,
,,,,,1746881374.7784224,,,,,1081.199774297,,,,,0.0,,,,,,9687,,,,,,,,,,,,,,,,4488,,,,,,,
,,,0.0,,1746881374.779186,,,,,1081.199901196,,,,,,,,,,,9687,,,,,,,,,,,,,,,,4494,,,,,,,
,,,,1.0769013,1746881379.2464232,,,,,1081.201080336,,,,,,,,,,,9762,,,,,,,,,,,,,,,,4537,,,,,,,
,,,,,1746881379.2466016,,,,,1081.201119482,,,,,,,,,,,9762,,,,,,,,,,,,1.0132158,,,,4540,,,,,,,
,,,,,1746881379.2473319,,,0.0,,1081.201242756,,,,,,,,,,,9762,,,,,,,,,,,,,,,,4549,,,,,,,
,,,,,1746881379.2474027,,,,,1081.201269794,,,,,,,,,,,9762,0.0,,,,,,,,,,,,,,,4551,,,,,,,
,,,,,1746881383.7132528,,,,,1081.201374941,,,,,,,,,,,9837,,,,,,,,,,,0.0,,,,,4559,,,,,,,
,,,,,1746881383.7162118,,,,,1081.201630065,,,,,,,,,,,9837,,,0.0,,,,,,,,,,,,,4577,,,,,,,
,,,,,1746881383.716331,,,,,1081.201643003,,,,,,,0.0,,,,9837,,,,,,,,,,,,,,,,4578,,,,,,,
,,,,,1746881383.7173066,,,,,1081.201752197,,,,,,,,,,,9837,0.0,,,,,,,,,,,,,,,4586,,,,,,,
-0.0003708466,,,,,1746881388.1827922,,,,,1081.202006214,,,,,,,,,,,9912,,,,,,,,,,,,,,,,4605,,,,,,,
,,,,,1746881388.1832724,,,,,1081.202077333,,,,,,,,,,,9912,,,,,,,,,,,,1.0132158,,,,4610,,,,,,,
,,,,,1746881388.1842613,,,,,1081.202234007,,,,,,,,,,,9912,0.0,,,,,,,,,,,,,,,4621,,,,,,,
,,,,,1746881392.6501732,,,,,1081.202437763,,,,,,,,,,,9987,,,,,,,,,,,,,,,,4636,,,,0.0,,,
-0.0004764352,,,,,1746881392.6509285,,,,,1081.202494558,,,,,,,,,,,9987,,,,,,,,,,,,,,,,4640,,,,,,,
,,,,,1746881392.6514573,,,,,1081.202557247,,,,,,,,,,,9987,,,,,,,,,,,,,0.005572023,,,4644,,,,,,,
,,,,,1746881392.6516974,,,,,1081.20260804,,,,,,,0.0,,,,9987,,,,,,,,,,,,,,,,4648,,,,,,,
,,,,,1746881397.1197846,,,,,1081.202921275,,,,,,,,,,,10062,,,,,,,4608000.0,,,,,,,,,4673,,,,,,,
,,,,,1746881397.1215885,,,0.0,,1081.203140569,,,,,,,,,,,10062,,,,,,,,,,,,,,,,4689,,,,,,,
,,,,,1746881397.1217723,,,,,1081.203167912,,,,,,,,,,,10062,0.0,,,,,,,,,,,,,,,4691,,,,,,,
,,,,,1746881401.5861719,,,,,1081.20334967,,,,,,,,,,,10137,,,,,,,,,,,,,,,,4705,,,0.0,,,,
,,,,,1746881414.9866872,,,,,1201.227118269,,,,,,,,,,,10362,,2.0,,,,,,,,,,,,,,4805,,,,,,,
,,,,,1746881414.9868054,,,,,1201.227188309,,,,,,,,,,,10362,,,,,,,,,,,,,,5222400.0,,4806,,,,,,,
,,,,,1746881419.4552188,,,,,1201.228226944,,,,,,,,,,,10437,,,,,,,5376000.0,,,,,,,,,4848,,,,,,,
,,,,,1746881428.3885348,,,,,1201.228969634,,,,,,,,,,,10587,,,,,,,,,,,,,,,,4907,,,,,,,0.0
,,,,,1746881428.3893056,,,,,1201.229045411,,,,,,,,,,,10587,,,,,0.0003,,,,,,,,,,,4913,,,,,,,
,,,,2.4577172,1746881428.3906434,,,,,1201.229156846,,,,,,,,,,,10587,,,,,,,,,,,,,,,,4922,,,,,,,
,,,,,1746881428.3907123,,,,,1201.229180206,,,,,,,,,,,10587,,,,,,,,,,,,,0.005135176,,,4924,,,,,,,
,,,,,1746881432.8570516,,,,,1201.229490747,,,,,,,,,,,10662,,,,,0.0003,,,,,,,,,,,4948,,,,,,,
,,,,,1746881432.8578098,,,,,1201.229564389,,,,,,,,,2850.0,,10662,,,,,,,,,,,,,,,,4954,,,,,,,
,,,,,1746881432.8596652,,,,,1201.229763305,,,,,,,,0.0,,,10662,,,,,,,,,,,,,,,,4970,,,,,,,
,,,,,1746881437.322927,,,,,1201.229843636,,,,,,,,,,,10737,,,,,,,,,,,,,,,,4977,,,,,,,0.0
,,,,,1746881437.3230536,,,,,1201.229874,,,,,,,,,,,10737,,,,,,,,,,,0.0,,,,,4979,,,,,,,
,,,,,1746881437.3239646,,,,,1201.229943221,,,,,,,,,,,10737,,,,,,,,,,,,,,,,4985,,,0.0014648438,,,,
,,0.0006804375,,,1746881441.7916956,,,,,1201.230402352,,,,,,,,,,,10812,,,,,,,,,,,,,,,,5022,,,,,,,
,,,,,1746881446.258838,,,,,1201.232194938,,,,,,,0.0,,,,10887,,,,,,,,,,,,,,,,5068,,,,,,,
,,,,,1746881446.2596922,,,0.0,,1201.232287979,,,,,,,,,,,10887,,,,,,,,,,,,,,,,5074,,,,,,,
,,,,,1746881450.7232752,,,,,1201.232348475,0.08793831,,,,,,,,,,10962,,,,,,,,,,,,,,,,5078,,,,,,,
,,,,,1746881450.7243092,,,,,1201.232450252,,,,,,,,,,,10962,,2.0,,,,,,,,,,,,,,5085,,,,,,,
,,,,,1746881455.1901755,,,,,1201.232873027,,,,,,,,,,,11037,,,,,,,,,,,,,,,,5116,,0.0,,,,,
,,,,,1746881455.1925476,,,,,1201.233209281,,,,,,,,,,,11037,,,,,,,,,,,,,,,0.0,5140,,,,,,,
,,,,,1746881455.1926167,0.0078125,,,,1201.233240265,,,,,,,,,,,11037,,,,,,,,,,,,,,,,5142,,,,,,,
,,,,,1746881459.6595862,,,,,1201.233531652,,,,,,,,,3300.0,,11112,,,,,,,,,,,,,,,,5164,,,,,,,
-0.00017656886,,,,,1746881459.6596344,,,,,1201.233542751,,,,,,,,,,,11112,,,,,,,,,,,,,,,,5165,,,,,,,
,,,,,1746881473.0605557,,,,,1201.235620876,,,,,,,,0.0,,,11337,,,,,,,,,,,,,,,,5285,,,,,,,
,,,,,1746881477.525965,,,,,1201.236620744,,,,,,,,,,,11412,,,,,,,,,,,,,1.6577952,,,5309,,,,,,,
,,,,,1746881477.5263643,0.0078125,,,,1201.23673697,,,,,,,,,,,11412,,,,,,,,,,,,,,,,5317,,,,,,,
,,,,,1746881481.9906292,,,,,1201.236908382,,,,,,,,,,,11487,,2.0,,,,,,,,,,,,,,5330,,,,,,,
,,,,,1746881481.9913206,,,,,1201.237041326,,,,,,,,,3675.0,,11487,,,,,,,,,,,,,,,,5339,,,,,,,
,,,,,1746881481.9926057,,,,,1201.237151515,,,,,,,,,,,11487,,,0.0,,,,,,,,,,,,,5347,,,,,,,
,,,,,1746881674.2746692,,1.8335677,,,1441.28601744,,,,,,,,,,,11793,,,,,,,,,,,,,,,,5484,,,,,,,
,,,,,1746881674.2750738,,,,,1441.28605672,,,,,,,,,,,11793,,,,,,,,,,,,,,,,5487,,,,,0.7894737,,
,,,,,1746881674.2753062,,,,,1441.286081474,,,,,,,0.0,,,,11793,,,,,,,,,,,,,,,,5489,,,,,,,
,,,,,1746881678.734448,,,0.0,,1441.28661565,,,,,,,,,,,11868,,,,,,,,,,,,,,,,5530,,,,,,,
,,,,,1746881683.189522,,,,,1441.286992309,,,,,,,,,,,11943,,,,,,,,,,,,,,,0.0,5561,,,,,,,
,,,,,1746881683.1901877,0.0078125,,,,1441.287015891,,,,,,,,,,,11943,,,,,,,,,,,,,,,,5563,,,,,,,
,,,,,1746881687.6441817,,,,,1441.287136521,,,,,,,,,,,12018,,,,,,,,,,,,,,,,5573,,,,,,,0.0
,,,,,1746881687.647324,,,,,1441.287801745,,,,,,,,,,,12018,0.0,,,,,,,,,,,,,,,5602,,,,,,,
,,,,,1746881692.106235,,,,,1441.288276889,,,,,,,,,,,12093,,,,,,,768000.0,,,,,,,,,5619,,,,,,,
,,,,,1746881692.1074104,,,,,1441.288513144,,,,,,,,,,,12093,,,,,,,,,,,,1.0132158,,,,5626,,,,,,,
,,,,,1746881696.5637987,,,,,1441.289255922,,,,,,,,,450.0,,12168,,,,,,,,,,,,,,,,5655,,,,,,,
,,,,,1746881696.5643122,,,,,1441.289352074,,,,,,,,,,,12168,,,,,,,,,,,,1.0484581,,,,5661,,,,,,,
,,,,,1746881701.0195403,,,,,1441.289583198,,,,,0.0,,,,,,12243,,,,,,,,,,,,,,,,5679,,,,,,,
,,,,,1746881705.4787095,,,,,1441.290059767,,,,,,,,,,,12318,,,,,,0.0,,,,,,,,,,5718,,,,,,,
,,,,,1746881705.4810867,,,,,1441.290283939,,,,,,,,,,,12318,,,,,,,,,,,,,,,0.0,5736,,,,,,,
-0.0015134745,,,,,1746881709.9413278,,,,,1441.290597657,,,,,,,,,,,12393,,,,,,,,,,,,,,,,5761,,,,,,,
,,,,2.000354,1746881709.9414794,,,,,1441.290621539,,,,,,,,,,,12393,,,,,,,,,,,,,,,,5763,,,,,,,
,,,,,1746881723.3342698,,,,,1441.291864123,,,,,,,,,900.0,,12618,,,,,,,,,,,,,,,,5865,,,,,,,
,,,,,1746881727.7968988,,,,,1441.292140098,,-0.13893571,,,,,,,,,12693,,,,,,,,,,,,,,,,5883,,,,,,,
,,,,,1746881727.7981179,,,,,1441.292595325,,,,,,,,,,,12693,,3.0,,,,,,,,,,,,,,5891,,,,,,,
,,,,,1746881727.798385,,,,,1441.2926561,,,,,,,,,,,12693,,,,,0.0003,,,,,,,,,,,5894,,,,,,,
,,,,,1746881727.8002872,,,,,1441.293215285,,,,,,,0.0,,,,12693,,,,,,,,,,,,,,,,5909,,,,,,,
,,,,,1746881727.9184792,0.0078125,,,,1441.293346862,,,,,,,,,,,12693,,,,,,,,,,,,,,,,5913,,,,,,,
,,,,,1746881732.3819826,,,,,1441.293903635,,,,,,,,,,,12768,,,,,,,,,,,,,,,,5931,,,0.009277344,,,,
,,,,,1746881732.3840792,,,,,1441.294093338,,,,,,,0.0,,,,12768,,,,,,,,,,,,,,,,5944,,,,,,,
,,,,,1746881732.3851175,,,,,1441.294198588,,,,,,,,,,,12768,0.0,,,,,,,,,,,,,,,5952,,,,,,,
,,,,,1746881736.8473904,,,,,1441.294372695,,,,,,,,,,,12843,,,,,,,,,,,,,,,,5966,,,0.0029296875,,,,
,,,0.005859375,,1746881741.3132095,,,,,1441.29482947,,,,,,,,,,,12918,,,,,,,,,,,,,,,,6000,,,,,,,
,,,,,1746881741.3139772,,,,,1441.294886901,,,,,,,,,,,12918,,,,,,,2457600.0,,,,,,,,,6004,,,,,,,
,,,,,1746881750.2499173,,,,,1441.295874818,,,,0.8596407,,,,,,,13068,,,,,,,,,,,,,,,,6077,,,,,,,
,,,,,1746881759.1849883,,,,,1441.297238073,,,,,,,,,1500.0,,13218,,,,,,,,,,,,,,,,6145,,,,,,,
,,,,,1746881772.5837514,,,,,1561.326740901,,,,,,,,,,,13443,,,,,,,,,,,0.0,,,,,6240,,,,,,,
,,,,,1746881772.5842168,,,,,1561.326792407,,,,,,,,,,,13443,,,,,0.0003,,,,,,,,,,,6244,,,,,,,
-0.0009560416,,,,,1746881777.0516384,,,,,1561.327464177,,,,,,,,,,,13518,,,,,,,,,,,,,,,,6286,,,,,,,
,,,,,1746881781.5195217,,,,,1561.328116924,,,,,,,,,,,13593,,,,0.0,,,,,,,,,,,,6332,,,,,,,
,,,,,1746881785.9837291,,,,,1561.328264866,,,,,,,,,,,13668,,,,,,,,,,,,,,,,6343,,,,,,,0.0
,,,,,1746881785.9865987,,,0.009765625,,1561.328598463,,,,,,,,,,,13668,,,,,,,,,,,,,,,,6370,,,,,,,
,,,,,1746881790.4504786,,,,,1561.328736856,,,,,,,,,,,13743,,3.0,,,,,,,,,,,,,,6381,,,,,,,
,,,,,1746881790.4515934,,,,,1561.328843387,,,,,,,,,2025.0,,13743,,,,,,,,,,,,,,,,6390,,,,,,,
,,,,,1746881790.4532378,,,,,1561.329401269,,,,,,,,0.009765625,,,13743,,,,,,,,,,,,,,,,6406,,,,,,,
,,,,,1746881794.9197447,,,,,1561.330778778,,,,,,,,0.009765625,,,13818,,,,,,,,,,,,,,,,6441,,,,,,,
,,,,,1746881799.3867257,,,,,1561.331189541,,,,,,0.0,,,,,13893,,,,,,,,,,,,,,,,6470,,,,,,,
,,,,,1746881803.8508449,,,,,1561.331383559,,,,,,,,,,,13968,,3.0,,,,,,,,,,,,,,6486,,,,,,,
,,,,,1746881808.3153427,,,,,1561.331744273,,,,,,,,,,472.0,14043,,,,,,,,,,,,,,,,6515,,,,,,,
,,,,,1746881812.7838845,,,,,1561.332400077,,,,,,,,,,,14118,,,,,,,4915200.0,,,,,,,,,6564,,,,,,,
,,,,,1746881812.7849057,,,,,1561.332516331,,,,,,,,,,,14118,,,0.0,,,,,,,,,,,,,6573,,,,,,,
,,,,,1746881821.7108848,,,,,1561.333190696,,,,,0.0,,,,,,14268,,,,,,,,,,,,,,,,6624,,,,,,,
,,,,,1746881826.1750178,,,,,1561.33387477,,-0.38782197,,,,,,,,,14343,,,,,,,,,,,,,,,,6653,,,,,,,
,,,,1.8983285,1746881826.1770673,,,,,1561.334334057,,,,,,,,,,,14343,,,,,,,,,,,,,,,,6673,,,,,,,
,,,,,1746881830.6427162,,,,,1561.335211533,,,,,,,,,,,14418,,,,,,0.0,,,,,,,,,,6698,,,,,,,
,,,,,1746881830.6450434,,,,400.0,1561.33550417,,,,,,,,,,,14418,,,,,,,,,,,,,,,,6719,,,,,,,
,,,,,1746881835.1091552,,,29.970703,,1561.335992541,,,,,,,,,,,14493,,,,,,,,,,,,,,,,6755,,,,,,,
,,,,,1746881839.5744512,,,,,1561.33603815,,-0.86509985,,,,,,,,,14568,,,,,,,,,,,,,,,,6758,,,,,,,
,,,,,1746881848.5122342,,,,,1561.337343336,,,,,,,,0.087890625,,,14718,,,,,,,,,,,,,,,,6861,,,,,,,
,,,,,1746881852.9753108,,,,,1561.337458783,,,,,,,,,,,14793,,,,,,,,,,,0.0,,,,,6870,,,,,,,
,,,,,1746881852.9771605,,,,,1561.337616045,,,,1.0426245,,,,,,,14793,,,,,,,,,,,,,,,,6882,,,,,,,
,,,,,1746881852.9790862,,,48.66211,,1561.337780832,,,,,,,,,,,14793,,,,,,,,,,,,,,,,6895,,,,,,,
,,,,,1746881857.4429684,,,,,1561.338410835,,,,,,,,,,,14868,,,,,,,,,,,,,,,,6912,,,,0.0073831873,,,
,,,,,1746881857.4433906,,,,,1561.338586959,,,,,,,,,,,14868,,,,,,,,,,,,,4.8690367,,,6920,,,,,,,
,,,,,1746881861.9067035,,,,,1561.33952146,,,,,,,,,,,14943,,,,,,0.0,,,,,,,,,,6943,,,,,,,
,,,,,1746881861.9094608,,,,,1561.339893039,,,,,,,,0.107421875,,,14943,,,,,,,,,,,,,,,,6966,,,,,,,
,,,,,1746881866.3726242,,,,,1561.340046353,,,,,,,,,,,15018,,3.0,,,,,,,,,,,,,,6976,,,,,,,
,,,,,1746881866.374563,,,,,1561.340222221,,,,,,,,,,,15018,,,,,,,,,,,,,9.203112,,,6990,,,,,,,
,,,,,1746881866.3759084,,,,400.0,1561.340341195,,,,,,,,,,,15018,,,,,,,,,,,,,,,,6999,,,,,,,
,,,,,1746881870.8395786,,,,400.0,1561.340795141,,,,,,,,,,,15093,,,,,,,,,,,,,,,,7034,,,,,,,
,,,,,1746881875.3021486,,,,,1561.34087555,,,,,,,,,,416.0,15168,,,,,,,,,,,,,,,,7040,,,,,,,
,,,,,1746881875.3031244,,,,,1561.340980144,,,,,,,,,,,15168,,,,,,0.0,,,,,,,,,,7048,,,,,,,
,,,,2.0010624,1746881875.304409,,,,,1561.341125812,,,,,,,,,,,15168,,,,,,,,,,,,,,,,7058,,,,,,,
,,,,,1746881879.768194,,,,,1561.341375926,,,,,,,,,,,15243,,,,,,,,,,,,,,,,7076,20.0,,,,,,
,,,,,1746881879.7711194,,,,,1561.341663295,,,,,,,,,,,15243,,,0.0,,,,,,,,,,,,,7098,,,,,,,
,,,,,1746881884.233518,,,,,1561.341881742,,,,,,,,,,,15318,,3.0,,,,,,,,,,,,,,7116,,,,,,,
,,,0.063964844,,1746881888.7010295,,,,,1681.370111919,,,,,,,,,,,15393,,,,,,,,,,,,,,,,7156,,,,,,,
,,,,,1746881893.1633813,,,,,1681.370449854,,,,,,,,,,,15468,,,,,,,,,,,,,,,,7182,20.0,,,,,,
,,,,,1746881893.1642563,,,,,1681.370544466,,,,,,,,,,,15468,,,,,0.0003,,,,,,,,,,,7190,,,,,,,
,,,,,1746881893.16448,,,,,1681.370567458,,,,,,,,,,,15468,,,,,,,,,,,,,,,,7192,,,0.045410156,,,,
,,,,,1746881897.628196,,,,,1681.370829577,,-1.8923681,,,,,,,,,15543,,,,,,,,,,,,,,,,7214,,,,,,,
,,,,,1746881897.632797,,,,,1681.371227339,,,,,,,,0.14648438,,,15543,,,,,,,,,,,,,,,,7247,,,,,,,
,,,,,1746882085.3931518,,,,,1801.393508208,,,,,,,,,,,15699,,,,,,,,,,,,,,,,7288,,0.0,,,,,
,,,,,1746882085.3950067,,,,,1801.393781824,,,,0.9708198,,,,,,,15699,,,,,,,,,,,,,,,,7303,,,,,,,
,,,,3.1224737,1746882089.9658697,,,,,1801.394901135,,,,,,,,,,,15774,,,,,,,,,,,,,,,,7339,,,,,,,
,,,,,1746882089.9659057,,3.127178,,,1801.395067493,,,,,,,,,,,15774,,,,,,,,,,,,,,,,7340,,,,,,,
,,,,,1746882089.9659364,,,,,1801.395091356,,,,,,,,,,,15774,,,,,,,,,,,,,0.030576922,,,7341,,,,,,,
,,,,,1746882094.5377338,,,,,1801.395891895,,,,0.98284173,,,,,,,15849,,,,,,,,,,,,,,,,7373,,,,,,,
,,,,,1746882094.539733,,,,,1801.396136337,,,,,,,,,,,15849,0.0,,,,,,,,,,,,,,,7388,,,,,,,
,,,,,1746882099.1958969,,,,400.0,1801.396607853,,,,,,,,,,,15924,,,,,,,,,,,,,,,,7420,,,,,,,
,,,,,1746882103.7667923,,,,,1801.396705527,,,,,,,,,,,15999,,,,,,,,,,,,,,,,7427,28.0,,,,,,
,,,,,1746882103.7668238,,,,,1801.396718794,,,,,,,,,,,15999,,,,,,,,,,,,,,,,7428,,0.0,,,,,
,,,,,1746882103.767925,,,,,1801.39686561,,,,,,,,,,,15999,,,,,,,,,,,,,,,,7438,,,,0.0057399063,,,
,,,,,1746882108.3423486,,,,,1801.39751265,,,,,,,,,,,16074,,,,,,,,,,,,0.78414094,,,,7482,,,,,,,
,,,,,1746882108.3427253,0.0078125,,,,1801.397609982,,,,,,,,,,,16074,,,,,,,,,,,,,,,,7489,,,,,,,
-0.0007610462,,,,,1746882112.9151611,,,,,1801.397902744,,,,,,,,,,,16149,,,,,,,,,,,,,,,,7512,,,,,,,
,,,,,1746882112.9159095,,,,,1801.397956321,,,,,,,,,,,16149,,,,,,,,,,,,,1.9571211,,,7516,,,,,,,
,,0.013228999,,,1746882117.488942,,,,,1801.398741513,,,,,,,,,,,16224,,,,,,,,,,,,,,,,7544,,,,,,,
,,,,,1746882117.4905236,,,,400.0,1801.399110133,,,,,,,,,,,16224,,,,,,,,,,,,,,,,7560,,,,,,,
,,,0.014160156,,1746882122.0616767,,,,,1801.399649964,,,,,,,,,,,16299,,,,,,,,,,,,,,,,7576,,,,,,,
,,,,,1746882122.0626073,,,,,1801.40007718,,,,,,,,,,,16299,,,,,,,,,,,,,0.9431406,,,7586,,,,,,,
,,,,,1746882122.0628629,,,,,1801.400122682,,,,,,,,,,,16299,,,0.0,,,,,,,,,,,,,7589,,,,,,,
,,,,,1746882126.6399047,,,,,1801.400491102,,,,,,,,,,,16374,,,,,,,1536000.0,,,,,,,,,7615,,,,,,,
,,,,,1746882131.216967,,,,,1921.429379403,,,,,,,,,,,16449,,,,,,,,,,,,,,,,7648,,,,0.014640688,,,
,,,,,1746882131.218851,,,,,1921.429603846,,,,,,,,,,,16449,,,,0.0,,,,,,,,,,,,7663,,,,,,,
,,,,,1746882135.794142,,,,400.0,1921.430107538,,,,,,,,,,,16524,,,,,,,,,,,,,,,,7700,,,,,,,
,,,,,1746882140.3697011,,,,,1921.430363881,,,,,,,,,,,16599,,,,,,,1996800.0,,,,,,,,,7720,,,,,,,
,,,,,1746882140.3706417,,,,,1921.430461088,,,,,,,,,,,16599,,,,,,,,,,,,0.88105726,,,,7727,,,,,,,
,,,,,1746882144.9469154,,,,,1921.43093684,,,,,,,,,,,16674,,,,,,,,,,,,0.7577092,,,,7762,,,,,,,
,,,,,1746882144.9474409,,,,,1921.43101664,,,,,,,,,,,16674,,,,,,,,,,,,,,,0.0,7767,,,,,,,
,,,,,1746882149.5220296,,,,,1921.431866053,,,,,,,,,1125.0,,16749,,,,,,,,,,,,,,,,7791,,,,,,,
,,,,,1746882154.0964448,,,,,1921.433311134,,,,0.9295815,,,,,,,16824,,,,,,,,,,,,,,,,7828,,,,,,,
,,,,,1746882154.0975223,,,,,1921.433439762,,,,,,,,,,,16824,,,,0.0,,,,,,,,,,,,7838,,,,,,,
,,,,,1746882158.6717436,,,,,1921.433735054,,,,,,,,,,,16899,,,,,,,2611200.0,,,,,,,,,7860,,,,,,,
,,,,,1746882167.8261383,,,,,1921.434806046,,,,,,,,,,,17049,,,,,,,,,,,,,,,,7938,,,,,0.01754386,,
,,,,,1746882167.8273497,,,,,1921.434933559,,,,,,,,0.20507812,,,17049,,,,,,,,,,,,,,,,7947,,,,,,,
,,0.041105907,,,1746882176.9814818,,,,,1921.435639685,,,,,,,,,,,17199,,,,,,,,,,,,,,,,7999,,,,,,,
,,,,,1746882181.5589345,,,,,1921.435939175,,,,,,,,,,,17274,,,,,,,,,,,,,,,,8024,,,,,,,96.0
,,,,,1746882190.715779,,,,,1921.438193603,,,,,,,,,,,17424,,,,,,,,,,,,,48.901127,,,8111,,,,,,,
,,,,,1746882195.289706,,,,,1921.438352364,,-4.978237,,,,,,,,,17499,,,,,,,,,,,,,,,,8124,,,,,,,
,,,,,1746882195.2916696,,,,,1921.438550579,,,,,,,,,1875.0,,17499,,,,,,,,,,,,,,,,8141,,,,,,,
,,,,,1746882199.872802,0.0078125,,,,1921.439123276,,,,,,,,,,,17574,,,,,,,,,,,,,,,,8189,,,,,,,
,,,,,1746882199.8733058,,,,,1921.439161323,,,,,,,,0.29296875,,,17574,,,,,,,,,,,,,,,,8192,,,,,,,
,,,,,1746882204.4463677,,,,,1921.439198848,26.48605,,,,,,,,,,17649,,,,,,,,,,,,,,,,8195,,,,,,,
,,,,,1746882204.4469419,,,,,1921.439248626,,,,,,,,,,,17649,,,,,,,,,,,,,,,,8199,,,,,,,88.0
,,,,1.8133869,1746882213.6032712,,,,,1921.440287075,,,,,,,,,,,17799,,,,,,,,,,,,,,,,8284,,,,,,,
,,,,,1746882213.6035638,,,,,1921.440311515,,,,,,,,,,,17799,,,,,,,,,,,,,63.672268,,,8286,,,,,,,
,,,,,1746882213.6041825,,,,,1921.440369669,,,,,,0.70046085,,,,,17799,,,,,,,,,,,,,,,,8291,,,,,,,
,,,,,1746882213.6050215,,,,,1921.440442147,,,,,,,,0.33203125,,,17799,,,,,,,,,,,,,,,,8297,,,,,,,
,,,,,1746882218.1803887,,,,,1921.441102227,,,,0.8072735,,,,,,,17874,,,,,,,,,,,,,,,,8318,,,,,,,
,,,,,1746882227.3332179,,,,,1921.44244327,,,,,,,,,,340.0,18024,,,,,,,,,,,,,,,,8371,,,,,,,
,,,,,1746882231.911131,,,,,1921.442959098,,,,,,,,,,,18099,,,,,,,,,,,,,,,,8409,,,,,,,68.0
,,,0.11767578,,1746882231.9116738,,,,,1921.443057762,,,,,,,,,,,18099,,,,,,,,,,,,,,,,8416,,,,,,,
,,,,,1746882241.0658143,,,,,1921.44394898,,,,,,,,,,,18249,,,,,,,,,,,0.0,,,,,8481,,,,,,,
,,,,,1746882245.6403172,,,,,1921.444336958,,,,,,,,,,324.0,18324,,,,,,,,,,,,,,,,8511,,,,,,,
,,,,,1746882245.643135,,,,400.0,1921.444710353,,,,,,,,,,,18324,,,,,,,,,,,,,,,,8540,,,,,,,
,,,,,1746882250.2173135,,,,,2041.472136079,,,,,180.0,,,,,,18399,,,,,,,,,,,,,,,,8550,,,,,,,
,,,,,1746882250.219143,,41.710197,,,2041.472429319,,,,,,,,,,,18399,,,,,,,,,,,,,,,,8565,,,,,,,
,,,,,1746882250.2201786,,,,,2041.473059907,,,,,,0.8294931,,,,,18399,,,,,,,,,,,,,,,,8571,,,,,,,
,,,,,1746882259.3695266,,,,,2041.476229625,,,,,,,,,,,18549,,,,,,,,,,,,,,,,8617,12.0,,,,,,
,,,,,1746882259.3696573,,,,,2041.47625903,,,,,,,,,,,18549,,,,,,,,,,,,,,,,8619,,,,,,,104.0
,,,,,1746882263.9483294,,,,,2041.476933716,,,,,,,,,3000.0,,18624,,,,,,,,,,,,,,,,8666,,,,,,,
,,,,,1746882268.523995,,,,,2041.477293383,,,,,,,,,,,18699,,,,,,,,,,,0.0,,,,,8691,,,,,,,
,,,,,1746882268.5251448,,,,,2041.477434663,,,,,,,,,,,18699,,,,,,,6297600.0,,,,,,,,,8700,,,,,,,
,,,,,1746882268.5264819,,,,,2041.477570536,,,,,,,0.3464567,,,,18699,,,,,,,,,,,,,,,,8710,,,,,,,
,,,,,1746882273.0988014,,,,,2041.477830372,,,,,,,,,,,18774,,,,,0.0003,,,,,,,,,,,8730,,,,,,,
,,,,,1746882277.6734705,,,,,2041.478266287,,,,,172.0,,,,,,18849,,,,,,,,,,,,,,,,8760,,,,,,,
,,,,,1746882277.674834,,,,,2041.478468384,,,,,,,,,,,18849,,,,,,,,,,,,,74.92171,,,8776,,,,,,,
,,,,,1746882286.8219435,,,,,2041.479569268,,,,,,,,,,,18999,,,,,,,,,,,,,,,,8829,,,,,,,88.0
,,,,,1746882286.8219738,,,,,2041.479589679,,,,,176.0,,,,,,18999,,,,,,,,,,,,,,,,8830,,,,,,,
,,,,,1746882286.8251681,,,,400.0,2041.480522666,,,,,,,,,,,18999,,,,,,,,,,,,,,,,8855,,,,,,,
,,,,,1746882291.3987105,,,,,2041.48077854,,,,,,,,,,,19074,,,,,,,,,,,,,,,,8873,,,,0.015946595,,,
,,,,,1746882300.5473673,,,,,2041.481773225,,,,,,,,,3600.0,,19224,,,,,,,,,,,,,,,,8946,,,,,,,
,,,,,1746882300.5477796,,,,,2041.481798262,,,,0.74760664,,,,,,,19224,,,,,,,,,,,,,,,,8948,,,,,,,
,,,,,1746882305.1961062,,,,,2041.482200076,,,,,,,,,,,19299,,,,,0.0003,,,,,,,,,,,8975,,,,,,,
,,,,,1746882305.1972065,,,,,2041.482424116,,,,,,,0.31496063,,,,19299,,,,,,,,,,,,,,,,8990,,,,,,,
,,,,,1746882309.7701473,,,,,2041.482584883,,,,,,,,,,336.0,19374,,,,,,,,,,,,,,,,9001,,,,,,,
,,,,,1746882314.3449914,,,,,2041.483152409,,,,,,,,,,,19449,,,,,,,,,,,,,,,,9039,,,,,,,76.0
,,,,,1746882314.347107,,,,,2041.483835149,,,,,,,,,,,19449,,,,,,,,,,,,,,,,9058,,,,,0.07017544,,
,,,,,1746882314.3473015,0.0078125,,,,2041.483969027,,,,,,,,,,,19449,,,,,,,,,,,,,,,,9064,,,,,,,
,,,,,1746882314.3477728,,,,400.0,2041.483992298,,,,,,,,,,,19449,,,,,,,,,,,,,,,,9065,,,,,,,
,,,,,1746882318.918702,,,,,2041.48411159,27.19083,,,,,,,,,,19524,,,,,,,,,,,,,,,,9070,,,,,,,
,,,,,1746882503.7306125,,,,,2281.544220876,,,,,,,,,,,19605,,,,,,0.0,,,,,,,,,,9115,,,,,,,
,,,,,1746882503.732814,,,,,2281.544413909,,,,,,,,,,,19605,,,0.0,,,,,,,,,,,,,9130,,,,,,,
,,,,,1746882508.2256947,,,,,2281.544601309,,,,,180.0,,,,,,19680,,,,,,,,,,,,,,,,9146,,,,,,,
,,,,,1746882508.2259955,,,,,2281.544657798,,,,,,,,,,,19680,,,,,0.0003,,,,,,,,,,,9151,,,,,,,
,,,,,1746882517.2139814,,,,,2281.54590827,,,,,180.0,,,,,,19830,,,,,,,,,,,,,,,,9216,,,,,,,
,,,,,1746882517.2161992,,1.3619719,,,2281.546355246,,,,,,,,,,,19830,,,,,,,,,,,,,,,,9231,,,,,,,
,,,,,1746882521.7095575,,,,,2281.547232981,,,,,,,,,,,19905,,5.0,,,,,,,,,,,,,,9253,,,,,,,
,,,,,1746882521.709613,,,,,2281.547246123,,,,,,,,,,,19905,,,,,,,,,,,,,,768000.0,,9254,,,,,,,
,,,,,1746882521.7114398,,,,,2281.547378301,,,,0.8858794,,,,,,,19905,,,,,,,,,,,,,,,,9264,,,,,,,
,,,,,1746882526.207218,,,,,2281.547802813,,,,,,,,,,,19980,,,,,,,921600.0,,,,,,,,,9296,,,,,,,
,,,,,1746882526.2082102,,,,,2281.547908038,,,,,,,,,,,19980,,,,,,,,,,,,,,,,9304,,,,,0.05263158,,
,,,,,1746882535.2048945,,,,,2281.548955927,,,,,,,,0.01953125,,,20130,,,,,,,,,,,,,,,,9383,,,,,,,
,,,,,1746882539.7051532,,,,400.0,2281.549404404,,,,,,,,,,,20205,,,,,,,,,,,,,,,,9416,,,,,,,
,,,,,1746882544.2008648,,,,,2281.549853331,,,,,,,,,,,20280,,,,,,,,,,,,,,,0.0,9448,,,,,,,
,,,,,1746882544.2010303,,,,400.0,2281.549887865,,,,,,,,,,,20280,,,,,,,,,,,,,,,,9451,,,,,,,
,,,,,1746882548.6983006,,,,,2281.550621501,,,,0.9270068,,,,,,,20355,,,,,,,,,,,,,,,,9474,,,,,,,
,,,,,1746882553.19459,,,,,2281.551169143,,,,,,,,,,,20430,,,,,,,,,,,,,,,,9495,,,,,,,20.0
,,,,,1746882553.1956148,,,,,2281.551570562,,,,,,,,,,,20430,,,,,,,,,,,,,,,,9503,,,0.0107421875,,,,
,,,,,1746882553.1957173,,,,,2281.551585412,,,,,,,,,,,20430,,,,,,,,,,,,,,,,9504,,,,0.0067663123,,,
,,,,,1746882553.1985126,,,,,2281.551861111,,,,,,,,,,,20430,0.0,,,,,,,,,,,,,,,9524,,,,,,,
,,,,,1746882557.6945584,,,,,2281.551898962,,,,,,,,,,356.0,20505,,,,,,,,,,,,,,,,9527,,,,,,,
,,,,,1746882557.6952474,,,,,2281.551974871,,,,,,,,,,,20505,,5.0,,,,,,,,,,,,,,9533,,,,,,,
,,,0.0073242188,,1746882557.6958418,,,,,2281.552034399,,,,,,,,,,,20505,,,,,,,,,,,,,,,,9537,,,,,,,
,,,,,1746882562.1957781,,,,,2281.552370119,,,,,,,,,,,20580,,,,,,,,,,,,,,,,9564,,0.0,,,,,
,,,,,1746882566.699052,,,,,2281.552799743,,,,,,,,,,,20655,,,,,,,,,,,,,,,,9600,,,,,,,24.0
,,,,,1746882566.7013953,,,,,2281.553034559,,,,,,,,,,,20655,,,,,,,,,,,,0.84581494,,,,9618,,,,,,,
,,,,,1746882575.69985,,,,,2281.553865606,,,,,,,,,1275.0,,20805,,,,,,,,,,,,,,,,9682,,,,,,,
,,,,,1746882575.7005332,,,,,2281.553978804,,,,,,,0.062992126,,,,20805,,,,,,,,,,,,,,,,9691,,,,,,,
,,,,,1746882575.7006028,,,,,2281.554008091,,,,,,,,,,,20805,,,,,,,,,,,,,,,0.07017544,9693,,,,,,,
,,0.014583218,,,1746882584.6964462,,,,,2281.555572255,,,,,,,,,,,20955,,,,,,,,,,,,,,,,9750,,,,,,,
,,,,,1746882584.6972098,,3.2766907,,,2281.555866037,,,,,,,,,,,20955,,,,,,,,,,,,,,,,9756,,,,,,,
,,,,,1746882589.1960258,,,,,2281.556273158,,,,0.9529598,,,,,,,21030,,,,,,,,,,,,,,,,9789,,,,,,,
,,,,,1746882598.1967208,,,,,2281.556961611,,,,,,,,,,,21180,,5.0,,,,,,,,,,,,,,9848,,,,,,,
,,,,,1746882602.6987255,,,,,2281.55755869,,,,,,,,,,,21255,,,,,,,,,,,,,,,,9899,,,,,0.03508772,,
,,,,,1746882602.6988018,,,,,2281.557581892,,,,,,,0.015748031,,,,21255,,,,,,,,,,,,,,,,9901,,,,,,,
,,,,,1746882611.6967163,,,,,2401.583239296,,-2.6743202,,,,,,,,,21405,,,,,,,,,,,,,,,,9945,,,,,,,
,,,,,1746882611.6986065,,,,,2401.583765643,,,,,,,,,,,21405,,,,,,0.0,,,,,,,,,,9955,,,,,,,
,,,,,1746882611.7011147,,,,,2401.583992143,,,,,,0.8294931,,,,,21405,,,,,,,,,,,,,,,,9972,,,,,,,
,,,,1.1848578,1746882616.1983542,,,,,2401.584354827,,,,,,,,,,,21480,,,,,,,,,,,,,,,,10000,,,,,,,
,,,,,1746882616.1990607,,,,,2401.584466577,,,,,,,,,,,21480,,,,0.0,,,,,,,,,,,,10009,,,,,,,
,,,,,1746882620.6942458,,,,,2401.584535996,,-2.4934273,,,,,,,,,21555,,,,,,,,,,,,,,,,10015,,,,,,,
,,,,,1746882620.694379,,,,,2401.584563323,,,,,,,,,,344.0,21555,,,,,,,,,,,,,,,,10017,,,,,,,
,,,,,1746882620.694576,,,,,2401.584588948,,,,,,,,,,,21555,,,,,,,,,,,,,,,,10019,,0.0,,,,,
,,,,,1746882620.6955678,,,,,2401.584674067,,,,,,,,,,,21555,,,,,0.0003,,,,,,,,,,,10026,,,,,,,
,,,,,1746882625.1928396,,,,,2401.585003364,,,,,,,,,,340.0,21630,,,,,,,,,,,,,,,,10052,,,,,,,
,,,,,1746882629.692656,,,,,2401.58547222,,,,,,,,,,,21705,,,,,,,,,,,,,,,,10088,12.0,,,,,,
,,,,,1746882629.6955168,,,,,2401.585756651,,,,,,,,,,,21705,,,0.0,,,,,,,,,,,,,10110,,,,,,,
,,,,,1746882634.193861,,,,,2401.586141923,,,,,,,,,,,21780,,,,,,,,,,,,0.60792947,,,,10143,,,,,,,
,,,,,1746882638.6908562,,,,,2401.58630288,,,,,,,,,,364.0,21855,,,,,,,,,,,,,,,,10157,,,,,,,
,,,,,1746882638.6919541,,,,,2401.586369613,,,,,,,,,,,21855,,5.0,,,,,,,,,,,,,,10163,,,,,,,
,,,,,1746882638.6937346,,,,,2401.586535231,,,,,,,,,,,21855,,,,,,,,,,,,,27.40579,,,10177,,,,,,,
,,,,,1746882643.191111,,,,,2401.587052043,,,,,,,,,,,21930,,,,,,,,,,,132.0,,,,,10197,,,,,,,
,,,,,1746882643.1922762,,,,,2401.587244531,,,,,,,,,,,21930,,,,,,,4915200.0,,,,,,,,,10206,,,,,,,
,,,,,1746882643.1932642,,,,,2401.587401038,,,,,,,,,,,21930,,,,,,,,,,,,,32.96658,,,10212,,,,,,,
,,,,,1746882643.1942034,,,,,2401.587535847,,,,,,,,,,,21930,,,,,,,,,,,,,,,0.57894737,10218,,,,,,,
,,,,,1746882652.188684,,,,,2401.588382239,18.858826,,,,,,,,,,22080,,,,,,,,,,,,,,,,10261,,,,,,,
,,,,,1746882652.1914845,,,,,2401.588659238,,,,,,,,,,,22080,,,0.0,,,,,,,,,,,,,10285,,,,,,,
,,,,,1746882656.691607,,,,,2401.589059517,,,,,,,,,,,22155,,,,,,,,,,,,,,,,10319,,,,,0.01754386,,
,,,,,1746882656.691782,,,,,2401.589082963,,,,,,,0.0,,,,22155,,,,,,,,,,,,,,,,10321,,,,,,,
,,,,,1746882661.1902447,,,,,2401.589345211,,,,,,,,,,,22230,,,,,,,,,,,,,,,,10344,,,,0.027615841,,,
,,,,,1746882665.69113,0.0078125,,,,2401.589952466,,,,,,,,,,,22305,,,,,,,,,,,,,,,,10395,,,,,,,
-0.0021357015,,,,,1746882670.1896718,,,,,2401.590238955,,,,,,,,,,,22380,,,,,,,,,,,,,,,,10418,,,,,,,
,,,,,1746882670.1918051,,,,,2401.590408866,,,,,,,,0.29296875,,,22380,,,,,,,,,,,,,,,,10433,,,,,,,
,,,,,1746882670.1919265,,,,,2401.590419701,,,,,,,,,,,22380,0.60885245,,,,,,,,,,,,,,,10434,,,,,,,
,,0.024187908,,,1746882674.814968,,,,,2401.590942517,,,,,,,,,,,22455,,,,,,,,,,,,,,,,10450,,,,,,,
,,,,,1746882674.8161714,,,,,2401.591315463,,,,,,0.8294931,,,,,22455,,,,,,,,,,,,,,,,10462,,,,,,,
,,,,,1746882679.3118186,,,,,2401.591697155,,,,,,,,,,360.0,22530,,,,,,,,,,,,,,,,10472,,,,,,,
,,,,,1746882683.8136823,,,,,2401.592780066,,,,,,,,,,,22605,,,,0.0,,,,,,,,,,,,10534,,,,,,,
,,,,,1746882688.3116763,,,,,2401.592960063,,,,,,,,,,,22680,,,,,,0.0,,,,,,,,,,10550,,,,,,,
,,,,,1746882692.812256,,,,,2401.593533579,,,,,,,,,,,22755,,,,,,,,,,,,,,,,10599,,,,,0.0,,
,,,,,1746882692.813356,,,,,2401.593642977,,,,,,,,0.32226562,,,22755,,,,,,,,,,,,,,,,10608,,,,,,,
,,,,,1746882697.3134286,,,,,2401.593957637,,,,,,,,,,,22830,,,0.0,,,,,,,,,,,,,10635,,,,,,,
,,,,,1746882701.810392,,,,,2401.594129839,,,,,,,,,,,22905,,,,,,,,,,,,,,,,10648,0.0,,,,,,
,,,,,1746882701.812352,,26.868193,,,2401.594368596,,,,,,,,,,,22905,,,,,,,,,,,,,,,,10666,,,,,,,
,,,,,1746882701.8136976,,,143.81836,,2401.594513769,,,,,,,,,,,22905,,,,,,,,,,,,,,,,10677,,,,,,,
,,,,,1746882706.3120332,,,,,2401.59479206,,,,0.7307045,,,,,,,22980,,,,,,,,,,,,,,,,10699,,,,,,,
,,,,1.2946432,1746882710.8118143,,,,,2401.59582951,,,,,,,,,,,23055,,,,,,,,,,,,,,,,10735,,,,,,,
,,,,,1746882710.8127196,,,,,2401.595936262,,,,,,,,,,,23055,,,0.0,,,,,,,,,,,,,10740,,,,,,,
,,,,,1746882715.3085978,,,,,2401.596636184,,,,,,,,,,,23130,,5.0,,,,,,,,,,,,,,10758,,,,,,,
,,,,,1746882715.3086896,,,,,2401.596675083,,,,,,,,,,,23130,,,,,0.0003,,,,,,,,,,,10761,,,,,,,
,,0.009409534,,,1746882715.3088038,,,,,2401.596815266,,,,,,,,,,,23130,,,,,,,,,,,,,,,,10765,,,,,,,
-0.003304125,,,,,1746882715.309497,,,,,2401.596866564,,,,,,,,,,,23130,,,,,,,,,,,,,,,,10768,,,,,,,
,,,,,1746882715.310163,,,,,2401.596990136,,,,,,,0.015748031,,,,23130,,,,,,,,,,,,,,,,10776,,,,,,,
,,,,,1746882715.3107083,,,,,2401.597038658,,,,,,,,,,,23130,,,,0.0,,,,,,,,,,,,10779,,,,,,,
,,,,,1746882715.3108368,,,,,2401.597096066,,,,,,,,0.3515625,,,23130,,,,,,,,,,,,,,,,10783,,,,,,,
,,,,,1746882719.8072634,,,,,2401.597136337,23.195618,,,,,,,,,,23205,,,,,,,,,,,,,,,,10786,,,,,,,
,,,,1.9843633,1746882719.8099108,,,,,2401.597412755,,,,,,,,,,,23205,,,,,,,,,,,,,,,,10805,,,,,,,
,,,,,1746882719.8112068,0.0078125,,,,2401.597570779,,,,,,,,,,,23205,,,,,,,,,,,,,,,,10815,,,,,,,
,,,,,1746882719.8116834,,,,,2401.597615976,,,,,,,,0.34179688,,,23205,,,,,,,,,,,,,,,,10818,,,,,,,
,,,,,1746882724.3078563,,,,,2401.597959945,,,,,,,,,,,23280,,,,,,,,,,,,0.84581494,,,,10843,,,,,,,
,,,,,1746882724.3089597,,,148.89648,,2401.598091511,,,,,,,,,,,23280,,,,,,,,,,,,,,,,10852,,,,,,,
,,,,,1746882728.80699,,,,,2521.625583008,,,,0.7426453,,,,,,,23355,,,,,,,,,,,,,,,,10875,,,,,,,
,,,,,1746882728.8074172,,,,,2521.625690953,,,,,,,0.0,,,,23355,,,,,,,,,,,,,,,,10882,,,,,,,
,,,,,1746882733.3086228,,,,,2521.626755162,,,,,,,,,,,23430,,,,,,,,,,,,,,,0.7368421,10919,,,,,,,
,,,,,1746882733.308928,0.0078125,,,,2521.626801884,,,,,,,,,,,23430,,,,,,,,,,,,,,,,10921,,,,,,,
