General/shaped_reward_annealed_agent0,General/shaped_reward_annealed_agent1,Scaled_returns/returned_episode_returns_scaled,Evaluation/0__smallest_kitchen,Losses/value_loss,_timestamp,task_1_1__cramped_room,Advantage_Targets/advantages,task_4_4__no_cooperation,General/env_index,General/steps_for_env,Evaluation/4__no_cooperation,global_step,Scaled_returns/evaluation_3__square_arena_scaled,returned_episode,Losses/actor_loss,General/learning_rate,Evaluation/1__cramped_room,task_5_5__easy_layout,reward,General/explore,Scaled_returns/evaluation_1__cramped_room_scaled,Scaled_returns/evaluation_0__smallest_kitchen_scaled,Losses/reg_loss,returned_episode_lengths,Losses/total_loss,General/shaped_reward_agent1,explore,Advantage_Targets/targets,Losses/entropy,_runtime,General/update_step,returned_episode_returns,Scaled_returns/evaluation_2__asymm_advantages_scaled,General/env_step,task_0_0__smallest_kitchen,task_2_2__asymm_advantages,task_3_3__square_arena,Scaled_returns/evaluation_5__easy_layout_scaled,Evaluation/5__easy_layout,Scaled_returns/evaluation_4__no_cooperation_scaled,Evaluation/2__asymm_advantages,_step,Evaluation/3__square_arena,General/shaped_reward_agent0
,,,,,1746880419.563576,,,,0.0,,,75,,,,,,,,,,,,,,,,,,120.717239443,,,,,,,,,,,,8,,
,,,,,1746880419.5660045,,,,,,,75,,,,,,,,,,,,,,,,,,120.906626098,,,,,,,,,,0.0,,27,,
,,,,43.594105,1746880424.0594678,,,,,,,150,,,,,,,,,,,,,,,,,,120.90727043,,,,,,,,,,,,57,,
,,,,,1746880428.5531316,,,,,,,225,0.0,,,,,,,,,,,,,,,,,120.908324879,,,,,,,,,,,,96,,
,,,,,1746880428.5531607,,,,,,,225,,,,,,,,,,,,,,,,,,120.908337951,,,,,,,,,,0.0,,97,,
,,,,,1746880433.0446,,,,,,,300,,,,,,,,,,,,,,,,,,120.90850917,,,,,,,,,,,,110,0.0,
,,,,,1746880433.045326,,,,,,,300,,,,,,,,,,,,,,0.15527344,,,,120.9086029,,,,,,,,,,,,118,,
,,,,,1746880433.0472326,,,,,,,300,,,,,,,,,,,,400.0,,,,,,120.908818868,,,,,,,,,,,,136,,
,,,,,1746880437.5378625,,,,,,,375,,,,,,,,,,,,,,,,,,120.908924959,,,,,,,,,,,,145,0.0,
,,,,,1746880437.538282,,,,,,,375,,,,0.0003,,,,,,,,,,,,,,120.908991661,,,,,,,,,,,,151,,
,,,,,1746880437.5401292,,,,,,,375,,0.0078125,,,,,,,,,,,,,,,,120.909224886,,,,,,,,,,,,170,,
,,,,,1746880446.5210457,,,,,,,525,,,,0.0003,,,,,,,,,,,,,,240.924667275,,,,,,,,,,,,221,,
,,,,,1746880446.5222776,,,,,,,525,0.0,,,,,,,,,,,,,,,,,240.924848925,,,,,,,,,,,,236,,
,,,,,1746880451.0141902,,,,,,,600,,,,,,,,,,,,,,0.15917969,,,,240.925109344,,,,,,,,,,,,258,,
,,,,,1746880455.5080373,,,,,,,675,,,,,,,,,0.0,,,,,,,,,240.925651125,,,,,,,,,,,,304,,
,,,,,1746880455.5084298,,,,,,,675,,,,,,,,,,,,,,,0.0,,,240.92570777,,,,,,,,,,,,309,,
,,,,,1746880459.998164,,,,,,,750,,,,,,,,,,0.8346457,,,,,,,,240.926034825,,,,,,,,,,,,338,,
,,,,,1746880464.4892478,,,,,,,825,,,,,,,,,,,,,,,,,,240.927101493,,,,,,,,0.0,,,,378,,
,,,,,1746880468.9784062,,,,,1843200.0,,900,,,,,,,,,,,,,,,,,,240.927597215,,,,,,,,,,,,401,,
,,,,,1746880468.978442,,,,,,,900,,,,,,,,,,,,,,,,,,240.9276086,900.0,,,,,,,,,,,402,,
,,,236.0,,1746880482.4514356,,,,,,,1125,,,,,,,,,,,,,,,,,,240.928666752,,,,,,,,,,,,492,,
,,,,,1746880482.4530988,,,,,,,1125,,,,,,,,,,,,,94.20962,,,,,240.928894572,,,,,,,,,,,,511,,
,,,,,1746880482.4535654,,,,,,,1125,,,,,,,,,,,,,,,,,,240.928961345,,,,,,,,,,0.0,,517,,
,0.119871095,,,,1746880495.9260585,,,,,,,1350,,,,,,,,,,,,,,,,,,240.930383811,,,,,,,,,,,,610,,
,,,,,1746880500.418818,,,,,,,1425,,,,,,,,,,,,,,,0.0,,,240.931495341,,,,,,,,,,,,659,,
,,,,,1746880504.9065716,,-9.488556,,,,,1500,,,,,,,,,,,,,,,,,,240.931567126,,,,,,,,,,,,665,,
,,,,,1746880504.906886,,,,,,,1500,,,,,,,,,,,,,,,,,,240.931669971,,,,3072000.0,,,,,,,,674,,
,,,,,1746880509.3967166,,,,,,,1575,,,,,,,,,,,,,,,,,,240.932031465,,,,,,,,,,,,705,0.0,
,,,,,1746880513.8882813,,,,,,,1650,,,,,,,,,,,,,,,,,,240.932506827,,,,,,,,,,,,747,,0.1899414
0.10975878,,,,,1746880513.8883495,,,,,,,1650,,,,,,,,,,,,,,,,,,240.932529726,,,,,,,,,,,,749,,
,,,,,1746880513.8892012,,,,,,,1650,,,,,,,,,,,,,,,,,,240.932657379,,,0.0,,,,,,,,,760,,
,,,,,1746880513.8897266,,,,,,,1650,,,,,,,,,,,,,,,0.0,,,240.932701806,,,,,,,,,,,,764,,
,,,,,1746880518.3779354,,,,,,,1725,,,,,,,,,,,,,,,,,,240.932865991,,,,3532800.0,,,,,,,,779,,
,,,,,1746880522.869185,,,,,,,1800,,0.0078125,,,,,,,,,,,,,,,,240.933490788,,,,,,,,,,,,835,,
,,,,,1746880527.3608348,,,,,,,1875,0.0,,,,,,,,,,,,,,,,,240.93415909,,,,,,,,,,,,866,,
,,,,,1746880527.3616054,,,,,,,1875,,,,,,,,,,,,,,,,,,240.934293792,,256.1914,,,,,,,,,,872,,
,,,,,1746880536.3427649,,,,,,,2025,,,,,,,,,,,,,,,,,,240.935373257,,,,4147200.0,,,,,,,,919,,
,,,,,1746880540.833844,,,,,,,2100,,,,,,,,,,,,,,,,,,240.935805338,,,,,,,,,,,,957,,0.2109375
,,,,,1746880545.3245702,,,,,,,2175,,,,,,,,,,,,,,,,,,240.936126007,,,,,,,,,,,,985,0.0,
,,,,,1746880545.3255565,,,,,,,2175,,,,,,,,,,,,,,,,,,240.936203935,,,,,,,,,,,,992,,0.2163086
,,,,,1746880549.817205,,,,,4608000.0,,2250,,,,,,,,,,,,,,,,,,240.936647546,,,,,,,,,,,,1031,,
,,,,,1746880554.3082595,,,,,,,2325,,,,,0.0,,,,,,,,,,,,,240.936893284,,,,,,,,,,,,1053,,
,,,,,1746880554.3093684,,,,,,,2325,,,,,,,,,,,,,,,,,,240.937055031,2325.0,,,,,,,,,,,1067,,
,,,,,1746880554.3105881,,,,,,,2325,,,,,,,,,,,,,,,0.0,,,240.937186594,,,,,,,,,,,,1079,,
,,0.9453817,,,1746880554.3109512,,,,,,,2325,,,,,,,,,,,,,,,,,,240.93724152,,,,,,,,,,,,1084,,
,,,,,1746880558.7986357,,,,,,,2400,,,,,,,,,,,,,,,,,,240.937349595,,,,4915200.0,,,,,,,,1094,,
,,,,,1746880558.7986627,,,,,,,2400,,,,,,,,0.0,,,,,,,,,,240.937360464,,,,,,,,,,,,1095,,
,,,,,1746880558.80042,,,,,,,2400,,,,,,,,,,,,,,,,,,240.937825175,,,,,,,,0.0,,,,1113,,
,,,,,1746880563.2882502,,,,,,,2475,,,,,,,,,,,,,,,,,,360.951492175,,,,,,,,,,,0.0,1124,,
,,,,,1746880563.2891886,,,,,,,2475,,,,,,,,,,,,,,,,,,360.951596262,,,,,,,,,,,,1132,,0.20996094
,,,,,1746880563.289689,,,,,,,2475,,,,,,,,,,,,,70.444786,,,,,360.951719402,,,,,,,,,,,,1141,,
,,1.013818,,,1746880563.2908504,,,,,,,2475,,,,,,,,,,,,,,,,,,360.951882966,,,,,,,,,,,,1154,,
,0.06820181,,,,1746880567.7788787,,,,,,,2550,,,,,,,,,,,,,,,,,,360.952081268,,,,,,,,,,,,1170,,
,,,,,1746880567.7796433,,,,,,,2550,,,,,,,,,,,,,61.810123,,,,,360.952154865,,,,,,,,,,,,1176,,
,,,,,1746880572.269849,,,,,,,2625,,,,,,,,,,,,,54.868935,,,,,360.952583829,,,,,,,,,,,,1211,,
,,,,,1746880572.2699573,,,,,,,2625,,,,,,,,,0.0,,,,,,,,,360.952619339,,,,,,,,,,,,1214,,
,,,,,1746880576.7582135,,,,,,,2700,,,,,0.0,,,,,,,,,,,,,360.952782757,,,,,,,,,,,,1228,,
,,,,,1746880576.7592359,,,,,5529600.0,,2700,,,,,,,,,,,,,,,,,,360.952936967,,,,,,,,,,,,1241,,
,,,,,1746880576.7610137,,,,,,,2700,,,,,,,0.45898438,,,,,,,,,,,360.953139922,,,,,,,,,,,,1258,,
,,,,,1746880585.7364926,,,,,,,2850,,,,,0.0,,,,,,,,,,,,,360.953610897,,,,,,,,,,,,1298,,
,,,,,1746880585.7375658,,,,,,,2850,,,,,,,,,,,,,,0.19140625,,,,360.953746043,,,,,,,,,,,,1308,,
,,,,,1746880590.2247174,,,,,,,2925,,,,,,,,0.0,,,,,,,,,,360.954638403,,,,,,,,,,,,1340,,
,,,,,1746880599.2047749,,,,,,,3075,,,,,,,,,,0.9133858,,,,,,,,360.956107855,,,,,,,,,,,,1423,,
,,,,,1746880603.7838109,,,,,,,3150,,,,,,,,,,,0.0,,,,,,,360.95648864,,,,,,,,,,,,1455,,
,,,,,1746880608.2715437,,,,,,,3225,,,,,,,,,,,,,,0.19726562,,,,360.956803321,,,,,,,,,,,,1483,,
,,,244.0,,1746880612.7589571,,,,,,,3300,,,,,,,,,,,,,,,,,,360.957079011,,,,,,,,,,,,1507,,
,,,,,1746880617.2494197,,,,,,,3375,0.0,,,,,,,,,,,,,,,,,360.957745637,,,,,,,,,,,,1566,,
,,,,,1746880626.2270606,,,,,,,3525,,,,,,,,,,,,,,,,,,360.958755599,,,,,,,,,0.0,,,1617,,
,,,,,1746880626.2295918,,,,,,,3525,,,,,,,,,,,,,,,,,,360.959451032,,256.25977,,,,,,,,,,1642,,
,,,,,1746880639.694035,,,,,,,3750,,,,,,,,,,,,,,,,,,360.960347184,,,,,,,,,,,0.0,1719,,
,,,,102.14407,1746880639.6955059,,,,,,,3750,,,,,,,,,,,,,,,,,,360.960553221,,,,,,,,,,,,1737,,
,,,,,1746880644.1816225,,,,,,,3825,,,,,,,,,,,,,,,,,,360.960796067,,,,7833600.0,,,,,,,,1759,,
,,,,,1746880644.1835392,,,,,,,3825,,0.0078125,,,,,,,,,,,,,,,,360.961040018,,,,,,,,,,,,1780,,
,,,260.0,,1746880648.669017,,,,,,,3900,,,,,,,,,,,,,,,,,,360.961122003,,,,,,,,,,,,1787,,
,,,,,1746880648.6690779,,,,,,,3900,,,,,,,,,,,,,,,,,,360.961145257,,,,,,,,,,,0.0,1789,,
,,,,,1746880648.6692672,,,,,,,3900,,,,,,,,0.0,,,,,,,,,,360.961209299,,,,,,,,,,,,1795,,
,,,,,1746880648.6695755,,,,,,,3900,,,,0.0003,,,,,,,,,,,,,,360.961219797,,,,,,,,,,,,1796,,
,,,,,1746880782.4876435,,,,,,0.0,3981,,,,,,,,,,,,,,,,,,480.979357831,,,,,,,,,,,,1827,,
,0.004226906,,,,1746880787.0234008,,,,,,,4056,,,,,,,,,,,,,,,,,,480.97990974,,,,,,,,,,,,1871,,
,,,,,1746880791.5568187,,,,,,,4131,0.0,,,,,,,,,,,,,,,,,480.980702848,,,,,,,,,,,,1917,,
,,,,,1746880791.5575092,,,,,,,4131,,,,,,,,,,,,,,,,,,480.980814559,,0.0,,,,,,,,,,1923,,
,,,,,1746880796.085877,,,,,,0.0,4206,,,,,,,,,,,,,,,,,,480.980983897,,,,,,,,,,,,1932,,
,,,,,1746880796.0859625,,,,,,,4206,,,,,,,,,,,,,,,,,,480.981068412,,,,614400.0,,,,,,,,1935,,
,,,,,1746880796.0869386,,,,,,,4206,,,,,,,,,,,1.2664832,,,,,,,480.981366893,,,,,,,,,,,,1946,,
,,,,,1746880800.621044,,,,,,,4281,,,-0.0008859382,,,,,,,,,,,,,,,480.982086076,,,,,,,,,,,,1979,,
,0.028522313,,,,1746880805.156589,,,,,,,4356,,,,,,,,,,,,,,,,,,600.997013378,,,,,,,,,,,,2011,,
,,,,,1746880818.7596228,,,,,,,4581,,,,,,,,,,,1.0051496,,,,,,,600.999448135,,,,,,,,,,,,2121,,
,,,,,1746880823.294146,,,,1.0,,,4656,,,,,,,,,,,,,,,,,,600.999736246,,,,,,,,,,,,2144,,
,,,252.0,,1746880827.830165,,,,,,,4731,,,,,,,,,,,,,,,,,,601.000093035,,,,,,,,,,,,2173,,
,,,,,1746880827.8316545,,,,,,,4731,,,,,,,,,,,,,,,,,0.6091316,601.000290296,,,,,,,,,,,,2190,,
,,,,,1746880836.8999715,,,,,,,4881,,,,,,,,,,,,,,,,,,601.001049344,,,,,,,,,,,,2253,,0.08496094
,,,,,1746880836.9010475,,,,,,,4881,,,,,,,,,,,,,,,,,,601.001202712,,,0.0,,,,,,,,,2266,,
,,,,,1746880841.4330075,,,,,,,4956,,,,,,,,,,,,,,,,22.414532,,601.001330449,,,,,,,,,,,,2277,,
,,,252.0,,1746880841.4330416,,,,,,,4956,,,,,,,,,,,,,,,,,,601.001342193,,,,,,,,,,,,2278,,
,,,,,1746880841.433141,,,,,,,4956,,,,,,,,,,,,,,,,,,601.001375144,,,,,,,,,,,,2281,0.0,
,,,,,1746880841.4345932,,,,,,,4956,,,,,,,,,,,,,,,,,,601.001516451,1050.0,,,,,,,,,,,2293,,
,,,,,1746880845.967761,,,,,,,5031,,,,,,,,,,,,,,,,,,601.002017364,,,0.0,,,,,,,,,2336,,
,,,,,1746880845.9682932,,,,,,,5031,,,,,,,,,,,,,,,0.0,,,601.002061317,,,,,,,,,,,,2340,,
,,,,,1746880845.9684086,,,,,,,5031,,,,,,,0.234375,,,,,,,,,,,601.002318515,,,,,,,,,,,,2344,,
,,,,,1746880850.5027723,,,,,,,5106,,,,,,,,,,,,,,,,22.612206,,601.002379895,,,,,,,,,,,,2347,,
,,,,,1746880850.5029411,,,,,,0.0,5106,,,,,,,,,,,,,,,,,,601.002473727,,,,,,,,,,,,2352,,
,,,,,1746880850.5039237,,,,,2457600.0,,5106,,,,,,,,,,,,,,,,,,601.002750587,,,,,,,,,,,,2362,,
,,,,,1746880855.038083,,,,,,,5181,,,,,,,,,,,,,,,,23.991121,,601.003510643,,,,,,,,,,,,2382,,
,,,,,1746880855.039499,,,,,,,5181,,,-0.001721811,,,,,,,,,,,,,,,601.003723034,,,,,,,,,,,,2399,,
,,,,,1746880855.0401616,,,,,,,5181,,,,,,,,,,,,,,,,,,601.003836566,,,,,,,,,,0.0,,2408,,
,,,,,1746880859.574672,,,,,,,5256,,,,,,,,,,,,,,,,,,601.003982501,,,,,,,,,,,0.0,2420,,
,,,,,1746880864.1097996,,,,,,,5331,,,,,,,,,,,,,,,,25.044678,,601.004391205,,,,,,,,,,,,2452,,
,,,,,1746880864.110021,,,,1.0,,,5331,,,,,,,,,,,,,,,,,,601.004473738,,,,,,,,,,,,2459,,
,,,,,1746880864.1112847,,,,,,,5331,,,,,,,,,,,,,30.499409,,,,,601.004625902,,,,,,,,,,,,2472,,
,,,,,1746880868.6486034,,,,,,,5406,,,,,,,,,,,,,,,,,0.53864944,601.005027412,,,,,,,,,,,,2505,,
,,0.5535996,,,1746880868.6503136,,,,,,,5406,,,,,,,,,,,,,,,,,,601.005202078,,,,,,,,,,,,2520,,
,,,,,1746880873.1835232,,,,,,,5481,,,,,,,,,,,,,,,,,,601.005586859,,143.67188,,,,,,,,,,2553,,
,,,,,1746880877.7145247,,,,,,,5556,,,,,,,,,,,,,,,,,,601.005754245,,,,,,,,,,,,2568,,0.118652344
,,,,,1746880882.2463903,,,,,,,5631,,,,,148.0,,,,,,,,,,,,,601.006060968,,,,,,,,,,,,2594,,
,,,,,1746880882.2471523,,,,,,,5631,,,,0.0003,,,,,,,,,,,,,,601.006181702,,,,,,,,,,,,2602,,
,,,,,1746880882.2479465,,,,,,,5631,,,,,,,,,,,,,37.77776,,,,,601.006601762,,,,,,,,,,,,2612,,
,,,,,1746880882.2484574,,,,,,,5631,,,,,,,,,,,,,,,,,,601.006714134,,,,,,,,,,0.0,,2618,,
,,,,,1746880891.3146756,,,,1.0,,,5781,,,,,,,,,,,,,,,,,,601.007909591,,,,,,,,,,,,2669,,
,,,,,1746880891.3156757,,,,,,,5781,,,,,,,,,,,,,,,,,,601.008024674,1875.0,,,,,,,,,,,2678,,
,,,,72.93887,1746880891.316344,,,,,,,5781,,,,,,,,,,,,,,,,,,601.008082784,,,,,,,,,,,,2683,,
,,,,,1746880891.3164604,,,,,,,5781,,,,,,,,,,,,,,,,,,601.008117027,,,0.0,,,,,,,,,2686,,
,,,,,1746880895.8485484,,,,,,,5856,,,,,,,,,,,,,,,,,,601.008288104,,,,,,,,,,,,2701,0.0,
,,,,,1746880895.8491728,,,,,,,5856,,,,,,,,,,,,,,,,,,601.008367455,,,,,,,,,,,,2708,,0.12402344
,,,,,1746880895.8496394,,,,,,,5856,,,,,,,,,,,,,,,,,,601.008425282,1950.0,,,,,,,,,,,2713,,
,,,,,1746880895.8504753,,,,,,,5856,0.0,,,,,,,,,,,,,,,,,601.008541125,,,,,,,,,,,,2722,,
,,,,,1746880900.3843238,,,,,,,5931,,,,,,,,,,,,,,,,28.198917,,601.008657122,,,,,,,,,,,,2732,,
,,,,,1746880900.3851585,,,,,,,5931,,,,0.0003,,,,,,,,,,,,,,601.008768926,,,,,,,,,,,,2742,,
,,,,69.22244,1746880900.385932,,,,,,,5931,,,,,,,,,,,,,,,,,,601.008897173,,,,,,,,,,,,2753,,
,0.059413347,,,,1746880904.9219077,,,,,,,6006,,,,,,,,,,,,,,,,,,601.009222775,,,,,,,,,,,,2781,,
,,,,,1746880904.921971,,,,,,,6006,,,,,,,,,,,,,,,,,,601.009246276,2100.0,,,,,,,,,,,2783,,
,,,,,1746880904.9227967,,,,,,,6006,,,,,,,,,,0.97637796,,,,,,,,601.009314504,,,,,,,,,,,,2789,,
,,,,,1746880904.9228585,,,,,,,6006,,,,,,,,,,,,,,,,,,601.009338246,,,0.0,,,,,,,,,2791,,
,,,,,1746880909.455956,,,,,,,6081,,,,,,,,,,,,,38.316048,,,,,601.009687618,,,,,,,,,,,,2822,,
,,,,74.917625,1746880909.4561136,,,,,,,6081,,,,,,,,,,,,,,,,,,601.009698904,,,,,,,,,,,,2823,,
,,,,,1746880913.9900038,,,,,,,6156,,,,,,,,,,,,,,,,,,601.009898635,,,,,,,,,,,,2841,0.0,
,,,,,1746880913.992837,,,,,,,6156,,,,,,,0.29296875,,,,,,,,,,,601.010500116,,,,,,,,,,,,2869,,
,,,,,1746880923.0634513,,,,,,,6306,,,,,,,,,0.7017544,,,,,,,,,721.027704691,,,,,,,,,,,,2930,,
,,0.70685136,,,1746880927.6916475,,,,,,,6381,,,,,,,,,,,,,,,,,,721.028243225,,,,,,,,,,,,2975,,
,,,,,1746880941.2984078,,,,,,,6606,,,,,,,,,0.7017544,,,,,,,,,721.029355147,,,,,,,,,,,,3070,,
,,,,,1746880945.8337085,,,,1.0,,,6681,,,,,,,,,,,,,,,,,,721.029567845,,,,,,,,,,,,3089,,
,,,,,1746880945.8359685,,,,,,,6681,,,,,,,,,,,,,,,,,,721.030298395,,,,,,,,0.0,,,,3109,,
,,,252.0,,1746880950.3713584,,,,,,,6756,,,,,,,,,,,,,,,,,,721.030652709,,,,,,,,,,,,3118,,
,,0.7071512,,,1746880950.3741217,,,,,,,6756,,,,,,,,,,,,,,,,,,721.031386143,,,,,,,,,,,,3150,,
,,,,,1746880963.9788787,,,,,,,6981,,,,,,,,,,,,,,,,,,721.032526716,,,,,,,,,,0.0,,3248,,
,,,,,1746880963.9793646,,,,,,,6981,,,,,,,0.34179688,,,,,,,,,,,721.032592846,,,,,,,,,,,,3254,,
,,,,,1746880973.047036,,,,,,,7131,,,,,,,,,,,,,,,,,,721.033069472,,,,,,,,,,,0.0,3295,,
,,,,,1746880973.0474904,,,,,,,7131,,,,0.0003,,,,,,,,,,,,,,721.033148003,,,,,,,,,,,,3302,,
,,,248.0,,1746880982.1196034,,,,,,,7281,,,,,,,,,,,,,,,,,,721.034351793,,,,,,,,,,,,3363,,
,,,,,1746880982.1205983,,,,,,,7281,,,,0.0003,,,,,,,,,,,,,,721.034600002,,,,,,,,,,,,3372,,
,,,,,1746880982.1222048,,,,,,,7281,,,,,,,,,,,,,,,,,,721.035153851,,156.31836,,,,,,,,,,3393,,
,,,,,1746880986.6553357,,,,,,,7356,,,,,164.0,,,,,,,,,,,,,721.035227731,,,,,,,,,,,,3399,,
0.014689158,,,,,1746880986.6562402,,,,,,,7356,,,,,,,,,,,,,,,,,,721.035352488,,,,,,,,,,,,3410,,
,,,,,1746880991.1951234,,-5.680395,,,,,7431,,,,,,,,,,,,,,,,,,721.035601809,,,,,,,,,,,,3431,,
,,,,,1746880991.1953514,,,,,,0.0,7431,,,,,,,,,,,,,,,,,,721.035667986,,,,,,,,,,,,3437,,
,,,,,1746880991.1981568,,,,,,,7431,,,,,,,0.41015625,,,,,,,,,,,721.035970613,,,,,,,,,,,,3464,,
,,,,,1746880995.7335823,,,,,,,7506,,,,,,,,,,,,400.0,,,,,,721.036350767,,,,,,,,,,,,3497,,
,,0.71254796,,,1746880995.7336683,,,,,,,7506,,,,,,,,,,,,,,,,,,721.036383904,,,,,,,,,,,,3500,,
,,,,,1746881000.2659557,,-5.707162,,,,,7581,,,,,,,,,,,,,,,,,,721.036395953,,,,,,,,,,,,3501,,
,,,,,1746881000.2685595,,,,,,,7581,,,,,,,,,,,,400.0,,,,,,721.036762599,,,,,,,,,,,,3532,,
,,,,,1746881004.804544,,,,,,,7656,0.0,,,,,,,,,,,,,,,,,721.037115037,,,,,,,,,,,,3562,,
,,,,,1746881009.3401794,,,,,,,7731,,0.0078125,,,,,,,,,,,,,,,,721.037563763,,,,,,,,,,,,3601,,
,,,,,1746881013.8752773,,,,,,,7806,,,,,,,,0.0,,,,,,,,,,721.038056064,,,,,,,,,,,,3616,,
,,,,63.67153,1746881013.8766246,,,,,,,7806,,,,,,,,,,,,,,,,,,721.038385838,,,,,,,,,,,,3628,,
,,,,,1746881013.8773048,,,,,,,7806,,,,,,,,,,,,,,,0.0,,,721.038598978,,,,,,,,,,,,3635,,
,,,,,1746881142.2795434,,,,,,,7887,,,,,,,,,,0.96062994,,,,,,,,841.086439003,,,,,,,,,,,,3665,,
,,,,,1746881142.2801974,,,,,,,7887,,,,,,,,,,,,,,,,,,841.086508026,,,,,,,,0.0,,,,3670,,
,,,,,1746881147.0239058,,,,,,0.0,7962,,,,,,,,,,,,,,,,,,841.086677407,,,,,,,,,,,,3683,,
,,,,,1746881151.769626,,-0.22610651,,,,,8037,,,,,,,,,,,,,,,,,,841.087438423,,,,,,,,,,,,3712,,
,,,,,1746881151.7709448,,,,,,,8037,,,,,,,,,,,,,,,,,,841.087861339,225.0,,,,,,,,,,,3729,,
,,,,,1746881166.0102737,,,,,,,8262,,,,,,,,,,,,,,,,,,961.105346945,,,,,,,,,,,,3829,,0.0014648438
,,,,,1746881166.0110228,,,,,,,8262,,,,,,,,,,,,,9.363745,,,,,961.105468646,,,,,,,,,,,,3838,,
,,,,,1746881170.7571707,,,,,,0.0,8337,,,,,,,,,,,,,,,,,,961.105715332,,,,,,,,,,,,3858,,
,,,,,1746881170.757198,,,,,,,8337,,,,,,,,,,,,,,,,,,961.10572696,,,,,,,,,0.0,,,3859,,
,,,,,1746881175.5046751,,,,,,,8412,,,,,,,,,,,,,,,,,,961.106400248,,,,,,,,,0.0,,,3894,,
,,,,,1746881180.2545593,,,,,,,8487,,0.0078125,,,,,,,,,,,,,,,,961.107823689,,,,,,,,,,,,3952,,
,,,,,1746881184.999726,,,,,,,8562,,,,,,,,,,,,,,,,,,961.10796909,,,,,,,,,0.0,,,3964,,
,,0.30030373,,,1746881185.0023887,,,,,,,8562,,,,,,,,,,,,,,,,,,961.108320507,,,,,,,,,,,,3991,,
,,,,,1746881189.7492456,,,,,,,8637,,,,,,,,,,,,,,,,,,961.108528304,825.0,,,,,,,,,,,4009,,
,,,,,1746881194.4957492,,,,,,,8712,,,,,,,,,,,,,,,,,,961.108796985,,,,,,,,,,,,4032,0.0,
,,,,,1746881194.4965203,,,,,,,8712,,,,,,,,,,,,,,,,,,961.10887426,,,,,,,,,,,,4039,,0.0
,,,,,1746881194.4973435,,,,,,,8712,,,,,,,,,,,0.6873106,,,,,,,961.108964707,,,,,,,,,,,,4047,,
,,,,,1746881194.4982958,,,,,,,8712,,,,,,,,,,,,,,,0.0,,,961.109074702,,,,,,,,,,,,4056,,
,,,,,1746881194.4983537,,,,,,,8712,,,,,,,,,,,,400.0,,,,,,961.109098253,,,,,,,,,,,,4058,,
,,,,58.314423,1746881203.99136,,,,,,,8862,,,,,,,,,,,,,,,,,,961.109800053,,,,,,,,,,,,4119,,
,,,,,1746881203.9913986,,,,,,,8862,,,,,,,,,,1.023622,,,,,,,,961.109813241,,,,,,,,,,,,4120,,
,,,,,1746881208.7373366,,,,,,,8937,,,,0.0003,,,,,,,,,,,,,,961.110084981,,,,,,,,,,,,4143,,
,,,,,1746881208.7381082,,,,,2304000.0,,8937,,,,,,,,,,,,,,,,,,961.110144609,,,,,,,,,,,,4148,,
,,,,59.608116,1746881208.7382772,,,,,,,8937,,,,,,,,,,,,,,,,,,961.110213346,,,,,,,,,,,,4154,,
,,,,,1746881208.7386367,,,,,,,8937,,,,,,,,,0.77192986,,,,,,,,,961.110237184,,,,,,,,,,,,4156,,
,,,,,1746881222.9793906,,,,,,,9162,,,,,,,,,,,,,,,,,,961.11215251,,,,,,,,,,,172.0,4241,,
,,,,,1746881222.9795763,,,,,,,9162,,,,,,,,0.0,,,,,,,,,,961.112219781,,,,,,,,,,,,4247,,
,,,,,1746881222.9813635,,,,,,,9162,0.0,,,,,,,,,,,,,,,,,961.112402025,,,,,,,,,,,,4263,,
,,,,,1746881227.7277684,,,,2.0,,,9237,,,,,,,,,,,,,,,,,,961.112594685,,,,,,,,,,,,4280,,
,,,,,1746881227.7278237,,,,,,,9237,,,,,,,,0.0,,,,,,,,,,961.112617374,,,,,,,,,,,,4282,,
,0.16413878,,,,1746881227.7286115,,,,,,,9237,,,,,,,,,,,,,,,,,,961.112672111,,,,,,,,,,,,4287,,
,,,,,1746881237.2236037,,,,,,,9387,,,,,,,,0.0,,,,,,,,,,961.113407029,,,,,,,,,,,,4352,,
,,,,,1746881237.224543,,,,,,,9387,,,,,,,,,,,0.8381488,,,,,,,961.113527719,,,,,,,,,,,,4362,,
,,,,,1746881237.2254765,,,,,,,9387,,,,,,,,,,,,,,,,,,961.1136159,,,,,,,,0.0,,,,4370,,
,,,,,1746881237.2255638,,,,,,,9387,,,,,,,,,,,,400.0,,,,,,961.113651648,,,,,,,,,,,,4373,,
,,,,,1746881241.9709783,,,,,,,9462,,,,,,,,,,,1.3689108,,,,,,,961.113926909,,,,,,,,,,,,4397,,
,,,,,1746881241.971075,,,,,,,9462,,,,,,,,,,0.9448819,,,,,,,,961.113962531,,,,,,,,,,,,4400,,
,,,,,1746881246.716397,,,,,,0.0,9537,,,,,,,,,,,,,,,,,,961.114363095,,,,,,,,,,,,4418,,
,,,,,1746881246.7174387,,,,,,,9537,,,,,,,,,,,0.7562603,,,,,,,961.114634899,,,,,,,,,,,,4432,,
,,,,,1746881251.5593264,,,,,,,9612,,,,,,,,,,,,,,,,,,961.115784616,,174.9414,,,,,,,,,,4479,,
,,,,,1746881256.3054843,,,,,,,9687,,,,,,,,,,,,,,,,,,961.116132653,,,0.38766518,,,,,,,,,4507,,
,,,,,1746881261.0505314,,,,,,,9762,,,,,,,,,,,,,,,,,,961.116312858,,,,,,,,,,,,4522,0.0,
,,,,,1746881261.0505621,,,,,,0.0,9762,,,,,,,,,,,,,,,,,,961.116323688,,,,,,,,,,,,4523,,
,,,,,1746881265.8004348,,,,,,,9837,,,,,,,,,,,,,,,,,,961.11684499,2025.0,,,,,,,,,,,4569,,
,,,,,1746881265.8005235,,,,,,,9837,,,,,,,,,,,0.8414712,,,,,,,961.116878113,,,,,,,,,,,,4572,,
,,,,,1746881275.2936811,,,,,,,9987,,,,,,,,,,,,,,0.25927734,,,,961.117594536,,,,,,,,,,,,4635,,
,,,,,1746881280.0405154,,,,,,,10062,,,,,,,,,,,,,,,,,,961.117901968,,,,,,,,,,,,4662,0.0,
,,,,,1746881280.0418022,,,,,,,10062,,,,,,,,,,,,,,,,,,961.118044445,2250.0,,,,,,,,,,,4674,,
,,,,,1746881284.786855,,,,,,,10137,,,,,,,,,,,,,,,,,,1081.133813759,,,,,,,,,,,180.0,4696,,
,,,,,1746881284.7868867,,,,,,,10137,,,,,,,,,,,,,,,,,,1081.133826725,,,,,,,,,,,,4697,0.0,
,0.1044285,,,,1746881284.787831,,,,,,,10137,,,,,,,,,,,,,,,,,,1081.133962768,,,,,,,,,,,,4707,,
,,,,,1746881284.788917,,,,,,,10137,,,,,,,,,,,,,,,,,,1081.13409986,,,0.39647576,,,,,,,,,4717,,
,,,,,1746881284.7893124,,,,,,,10137,,,,,,,,,,,,,,,,,,1081.134138036,,,,,,,,0.0,,,,4720,,
,0.09947849,,,,1746881289.535223,,,,,,,10212,,,,,,,,,,,,,,,,,,1081.134410774,,,,,,,,,,,,4742,,
,,,,,1746881289.5361412,,,,,,,10212,,,,,,,,,,,,,,,,,,1081.134695488,,,0.39647576,,,,,,,,,4752,,
,,,,,1746881294.2809458,,,,,,,10287,,,,,,,,,,,,,,,,,,1081.135020321,,,,,,,,,,,180.0,4766,,
,,,,58.25783,1746881294.282384,,,,,,,10287,,,,,,,,,,,,,,,,,,1081.135474064,,,,,,,,,,,,4784,,
,,,,,1746881294.2835634,,,,,,,10287,,,,,,,,,,,,400.0,,,,,,1081.135780993,,,,,,,,,,,,4793,,
,,,,,1746881299.0285954,,,,,,,10362,,,,0.0003,,,,,,,,,,,,,,1081.136265328,,,,,,,,,,,,4808,,
,,,,,1746881299.029405,,,,,,,10362,,,,,,,,,,,,,29.629677,,,,,1081.136389302,,,,,,,,,,,,4818,,
,,,,,1746881299.0300972,,,,,,,10362,,,,,,,,,0.77192986,,,,,,,,,1081.136425958,,,,,,,,,,,,4821,,
,,,,,1746881308.5210807,,,,,,,10512,,,,,,,,,,,,,,,,,,1081.137121427,,,,,,,,,,,,4879,,0.0
,,,,,1746881308.5215502,,,,,,,10512,,,,,,,,,,,,,,,,,,1081.137180831,2700.0,,,,,,,,,,,4884,,
,,,,,1746881313.2665179,,,,,,,10587,,,,,,,,,,,,,,,,,,1081.137495744,,,,5683200.0,,,,,,,,4911,,
,,,,,1746881313.2690942,,,,,,,10587,,0.0078125,,,,,,,,,,,,,,,,1081.137748699,,,,,,,,,,,,4932,,
,,,,,1746881318.013846,,,,,,,10662,,,,,,,,,,,,,,,,,,1081.138131789,,,,,,,,0.0,,,,4965,,
,,,,,1746881327.504386,,,,,,,10812,,,,,,,,,,,,,,,,,,1081.138692575,,,,,,,,,0.0,,,5014,,
,,,,,1746881327.5044599,,,,,,,10812,,,,,,,,,,,,,,,,,,1081.138714906,,,,6144000.0,,,,,,,,5016,,
,,0.35805857,,,1746881327.5069432,,,,,,,10812,,,,,,,,,,,,,,,,,,1081.139342293,,,,,,,,,,,,5041,,
,,,,51.453293,1746881336.9984763,,,,,,,10962,,,,,,,,,,,,,,,,,,1081.140714662,,,,,,,,,,,,5099,,
,,,,,1746881341.744344,,,,,,,11037,,,,,,,,,,,,,26.202778,,,,,1081.141131062,,,,,,,,,,,,5133,,
,,,,,1746881341.7452922,,,,,,,11037,,0.0078125,,,,,,,,,,,,,,,,1081.141244487,,,,,,,,,,,,5142,,
,,,,,1746881341.7453234,,,,,,,11037,,,,,,,,,,,,400.0,,,,,,1081.141260052,,,,,,,,,,,,5143,,
,,,,,1746881346.490446,,,,,,,11112,,,,,,,,,,,,,,0.25830078,,,,1081.141460789,,,,,,,,,,,,5160,,
,,,,,1746881346.4907122,,,,,6758400.0,,11112,,,,,,,,,,,,,,,,,,1081.14149925,,,,,,,,,,,,5163,,
,,,,,1746881346.4914024,,,,,,,11112,,,,,,,,,,,,,,,,,,1081.141609979,,,0.39647576,,,,,,,,,5172,,
,,,,,1746881351.2369218,,,,,,,11187,0.0,,,,,,,,,,,,,,,,,1081.142036452,,,,,,,,,,,,5208,,
,,,,,1746881355.981871,,,,,,,11262,,,,,,,,,,,,,,,,,,1081.142195026,,,,,,,,,,,,5222,0.0,
,,,,,1746881355.9830644,,,,,,,11262,,,,,,,,,,,,,,,,,,1081.142341312,3450.0,,,,,,,,,,,5234,,
,,,,,1746881355.9841247,,,,,,,11262,,,,,,,,,,,,,,,,,,1081.142433688,,,0.39647576,,,,,,,,,5242,,
,,,,,1746881360.7289193,,,,,,,11337,,,,0.0003,,,,,,,,,,,,,,1081.142667565,,,,,,,,,,,,5263,,
,,,,,1746881365.4761379,,,,,,,11412,,,,,,,,,,,,,,,,,0.7404047,1081.143416305,,,,,,,,,,,,5306,,
,,,,,1746881365.4769428,,,,,,,11412,,,,,,,,,0.754386,,,,,,,,,1081.143513505,,,,,,,,,,,,5311,,
,,,,,1746881365.4773178,,,,,,,11412,,0.0078125,,,,,,,,,,,,,,,,1081.143633038,,,,,,,,,,,,5317,,
,,,,,1746881370.220585,,,,,,,11487,,,,,,,,,,,,,,,,,,1081.143941855,,,,7526400.0,,,,,,,,5331,,
,,,,,1746881370.2214355,,,,,,,11487,,,,,,,,,,,,,,0.2553711,,,,1081.144150098,,,,,,,,,,,,5335,,
,,,,,1746881379.7140515,,,,,,,11637,,,,,,,,0.0,,,,,,,,,,1081.145284437,,,,,,,,,,,,5402,,
,0.0054593426,,,,1746881379.7148366,,,,,,,11637,,,,,,,,,,,,,,,,,,1081.145339567,,,,,,,,,,,,5407,,
,,,,,1746881384.4616036,,,,,,,11712,,,,,,,,,,,,,,,,,,1081.145635638,,,,,,,,,,,,5432,0.0,
,,,,,1746881384.463802,,,,,,,11712,0.0,,,,,,,,,,,,,,,,,1081.145876223,,,,,,,,,,,,5453,,
,,,,,1746881509.24332,,,,,,,11793,,,,,,,,,,,,,,,,,,1201.164830123,,,,,,,,,,0.0,,5490,,
,,,,,1746881513.728045,,,,,307200.0,,11868,,,,,,,,,,,,,,,,,,1201.165119352,,,,,,,,,,,,5514,,
,,0.0,,,1746881513.7298095,,,,,,,11868,,,,,,,,,,,,,,,,,,1201.165332439,,,,,,,,,,,,5532,,
,,,,,1746881518.2140257,,,,,,,11943,,,,,,,,,,,,,,,,,,1201.165423806,,,,,,,,,0.0,,,5540,,
,,,,,1746881522.7021108,,,,,,,12018,,,,,,,,,,,,,,,,,,1321.182446766,,,,,,,,,0.0,,,5575,,
,,,,,1746881522.703294,,,,,,,12018,,,,,,,,,,,,,0.36026737,,,,,1321.182864191,,,,,,,,,,,,5589,,
,,,,,1746881527.193517,,,,,768000.0,,12093,,,,,,,,,,,,,,,,,,1321.184164824,,,,,,,,,,,,5619,,
,,,,,1746881527.194462,,,,,,,12093,,,,,,,,,,,,,,,,,,1321.184286213,,,0.39647576,,,,,,,,,5628,,
,,,,,1746881531.687087,,,,,,,12168,,0.0078125,,,,,,,,,,,,,,,,1321.184788055,,,,,,,,,,,,5668,,
,,,,,1746881545.1524208,,,,,,,12393,,,,,,,,,,,,,,,,0.01295145,,1321.185666596,,,,,,,,,,,,5744,,
,,,,,1746881545.1525762,,,,,,0.0,12393,,,,,,,,,,,,,,,,,,1321.185725848,,,,,,,,,,,,5749,,
,,,,,1746881549.6421702,,,,,,,12468,,,,,,,,0.0,,,,,,,,,,1321.186186451,,,,,,,,,,,,5788,,
,,,,,1746881549.6443973,,,,,,,12468,,0.0078125,,,,,,,,,,,,,,,,1321.186421799,,,,,,,,,,,,5808,,
,,,,,1746881554.1316562,,,,,,,12543,,,,,,,,,,,,,,,,,,1321.186672373,825.0,,,,,,,,,,,5830,,
,,,,,1746881563.1104581,,,,,,,12693,,,,0.0003,,,,,,,,,,,,,,1321.188172613,,,,,,,,,,,,5894,,
,,,,,1746881567.6020286,,,,,,,12768,,,,,,,,,0.38596493,,,,,,,,,1321.189000271,,,,,,,,,,,,5942,,
,,0.0,,,1746881572.1803234,,,,,,,12843,,,,,,,,,,,,,,,,,,1321.189529778,,,,,,,,,,,,5987,,
,,,,,1746881581.1617296,,,,,,,12993,,,,,,,,,,1.023622,,,,,,,,1321.190209159,,,,,,,,,,,,6046,,
,,,,,1746881590.145851,,-0.022011228,,,,,13143,,,,,,,,,,,,,,,,,,1321.190748027,,,,,,,,,,,,6093,,
,,,,,1746881594.64039,,,,,,,13218,,,,,,,,,,,2.459834,,,,,,,1321.19183748,,,,,,,,,,,,6148,,
,,,,,1746881603.6243522,,,,,,,13368,,,,,,,,0.0,,,,,,,,,,1321.192983593,,,,,,,,,,,,6208,,
,,,,,1746881603.6253853,,,,,,,13368,,,,,,,,,,,3.6797442,,,,,,,1321.193104544,,,,,,,,,,,,6218,,
,,,,,1746881612.6107335,,,,,,,13518,,,,,,,,0.0,,,,,,,,,,1321.193833824,,,,,,,,,,,,6278,,
,,,,,1746881612.6123428,,,,,,,13518,,,,,,,,,,,,,5.75774,,,,,1321.193957759,,,,,,,,,,,,6289,,
,,,,,1746881617.104139,,,,,,,13593,,,,,,,,,,,,,,,,,,1321.194168596,,,,,,,,,,,180.0,6307,,
,,,,,1746881617.1050186,,,,,,,13593,,,,,,,,,,,,,,,,,,1321.194262344,,,,,,,,,,,,6315,,0.020507812
,,,,,1746881621.5976982,,,,3.0,,,13668,,,,,,,,,,,,,,,,,,1321.194609392,,,,,,,,,,,,6346,,
,,,,,1746881621.5977263,,,,,,,13668,,,,,,,,,,,,,,,,,,1321.194619482,,,,3993600.0,,,,,,,,6347,,
,,,,,1746881621.5977523,,,,,,,13668,,,,,,,,0.0,,,,,,,,,,1321.194631081,,,,,,,,,,,,6348,,
,,,,,1746881621.598453,,,,,,,13668,,,,,,,,,,,,,,,,,,1321.194653339,,,,,,,,,,,,6350,,0.016601562
,,,,,1746881621.598639,,,,,,,13668,,,,,,,,,,,,,,,,,1.0131567,1321.194732358,,,,,,,,,,,,6357,,
,,,,0.06826893,1746881621.5993123,,,,,,,13668,,,,,,,,,,,,,,,,,,1321.194767049,,,,,,,,,,,,6360,,
,,,,,1746881621.5995078,,,,,,,13668,,,,,,,,,,,,,,,,,,1321.19483617,,,,,,,,0.0,,,,6366,,
,,,,,1746881626.0917168,,,,,,,13743,,,,,,,,,,,,,,,,0.40520573,,1321.195146886,,,,,,,,,,,,6374,,
,,,,,1746881630.5862644,,,,,4300800.0,,13818,,,,,,,,,,,,,,,,,,1321.196415109,,,,,,,,,,,,6424,,
,,,,,1746881635.082002,,,,,,,13893,,,,,,,,,,,,,7.66009,,,,,1321.196877151,,,,,,,,,,,,6464,,
,,,,,1746881639.5748165,,,,,4608000.0,,13968,,,,,,,,,,,,,,,,,,1321.197224849,,,,,,,,,,,,6494,,
,,,,,1746881639.5756707,,,,,,,13968,,,,,,,,,0.2631579,,,,,,,,,1321.197316085,,,,,,,,,,,,6502,,
,,,,,1746881644.069425,,,,,,,14043,,,,,,,,,,,,,,,,,1.0062256,1441.216708342,,,,,,,,,,,,6532,,
,,,,,1746881648.561214,,,,,,0.0,14118,,,,,,,,,,,,,,,,,,1441.217338479,,,,,,,,,,,,6554,,
,0.0037681246,,,,1746881648.5619826,,,,,,,14118,,,,,,,,,,,,,,,,,,1441.21751948,,,,,,,,,,,,6563,,
,,,,,1746881648.5625174,,,,,,,14118,,,-0.0006788613,,,,,,,,,,,,,,,1441.217574167,,,,,,,,,,,,6566,,
,,,,,1746881653.0564017,,,,,,,14193,,,,,,,,,,,,,,,,,,1441.218603419,,,,,,,,,,,,6595,,0.0234375
,,,,,1746881653.0582626,,,,,,,14193,,,,,,,,,,,,400.0,,,,,,1441.218839631,,,,,,,,,,,,6614,,
0.0067862496,,,,,1746881657.5501711,,,,,,,14268,,,,,,,,,,,,,,,,,,1441.219065688,,,,,,,,,,,,6632,,
,,,,,1746881662.0430427,,0.1736018,,,,,14343,,,,,,,,,,,,,,,,,,1441.219318393,,,,,,,,,,,,6653,,
,,,,,1746881662.0431836,,,,,,,14343,,,,,,,,,,,,,,,,,,1441.219365036,,,,,,,,,,,180.0,6657,,
,,,,,1746881662.0442464,,,,,,,14343,,,,,,,,,,,,,,,,,,1441.219511509,2625.0,,,,,,,,,,,6670,,
,,,,,1746881666.5378826,,,,,,,14418,,,,,,,,,,,,,,,,,,1441.219810051,,,,,,,,,0.0,,,6695,,
,,,,,1746881666.5395617,,,,,,,14418,,,,,,,,,,0.9133858,,,,,,,,1441.219996814,,,,,,,,,,,,6711,,
,,,,,1746881675.528699,,,,,,,14568,,,,,,,,,,,,,6.2785378,,,,,1441.220788963,,,,,,,,,,,,6779,,
,,,,,1746881680.022678,,,,,,,14643,,,,0.0003,,,,,,,,,,,,,,1441.221384923,,,,,,,,,,,,6804,,
,,,,,1746881684.5173297,,-0.003280362,,,,,14718,,,,,,,,,,,,,,,,,,1441.221945132,,,,,,,,,,,,6828,,
,,,,,1746881684.5174294,,,,,,,14718,,,,,,,,,,,,,,,,3.0899787,,1441.22196954,,,,,,,,,,,,6829,,
,,,,,1746881684.517528,,,,,,,14718,,,,,,,,,,,,,,,,,,1441.222031478,,,,,,,,,,,180.0,6832,,
,0.0065775625,,,,1746881684.5188391,,,,,,,14718,,,,,,,,,,,,,,,,,,1441.222518245,,,,,,,,,,,,6843,,
,,,,,1746881684.520617,,,,,,,14718,,,,,,,0.05859375,,,,,,,,,,,1441.222752592,,,,,,,,,,,,6861,,
,,,,,1746881693.5079424,,,,,,,14868,,,,,,,,,,,,,,,,,,1441.223257976,,,,,,,,,,,,6903,24.0,
,,,,,1746881693.5091925,,,,,,,14868,,,-0.0006807848,,,,,,,,,,,,,,,1441.2234096,,,,,,,,,,,,6916,,
,,,,,1746881693.509978,,,,,,,14868,,,,,,,,,0.0877193,,,,,,,,,1441.223477833,,,,,,,,,,,,6922,,
,,,,,1746881693.5100348,,,,,,,14868,0.09266409,,,,,,,,,,,,,,,,,1441.223500919,,,,,,,,,,,,6924,,
,,,,,1746881702.4991744,,-0.37865263,,,,,15018,,,,,,,,,,,,,,,,,,1441.224016712,,,,,,,,,,,,6968,,
,,,,,1746881702.499323,,,,,,,15018,,,,,,,,,,,,,,,,,,1441.224065731,,,,,,,,,,,180.0,6972,,
,,,,,1746881706.9937654,,,,,,,15093,,,,,,,,,,,,,,,,,,1441.224495988,,,,,,,,,0.0,,,7010,,
,,,,,1746881706.994617,,,,,,,15093,,,,,,,,,,,,,,,,,,1441.224551777,,,,,,,,,,,,7015,,0.020507812
,,,,,1746881706.9955575,,,,,,,15093,,,,,,,,,,0.96062994,,,,,,,,1441.224677296,,,,,,,,,,,,7026,,
,,,,,1746881706.9957068,,,,,,,15093,,,,,,,,,,,,,,,,,,1441.224754534,,,,,,,,0.0,,,,7031,,
,,,,,1746881715.9834619,,,,,,,15243,,,,,,,,,,,,,,0.04345703,,,,1441.226086857,,,,,,,,,,,,7086,,
,0.0042525306,,,,1746881715.9835212,,,,,,,15243,,,,,,,,,,,,,,,,,,1441.226139735,,,,,,,,,,,,7088,,
,,,,,1746881715.9835806,,,,,,,15243,,,,,,,,,,,,,,,,,,1441.226208887,3525.0,,,,,,,,,,,7090,,
,,,,,1746881720.4769857,,,,,,,15318,,,,,32.0,,,,,,,,,,,,,1441.226645335,,,,,,,,,,,,7111,,
,,,,,1746881720.4781632,,,,,,,15318,,,,,,,,,,,,,,,,,0.81050426,1441.226840559,,,,,,,,,,,,7127,,
,,,,,1746881720.4788692,,,,,,,15318,,,,,,,,,,0.5511811,,,,,,,,1441.226889105,,,,,,,,,,,,7131,,
,,,,,1746881724.9708629,,,,,,,15393,,,,,,,,,,,,,,,,,,1441.227132581,,,,7526400.0,,,,,,,,7152,,
,,,,,1746881729.4625502,,,,,,,15468,,,,,,,,,,,,,,,,,,1441.22749021,,,,,,,,,,,,7183,68.0,
,,,,,1746881729.4625797,,,,,,0.0,15468,,,,,,,,,,,,,,,,,,1441.227501388,,,,,,,,,,,,7184,,
,,,,,1746881729.4636524,,,,,,,15468,,,,,,,,,,,,,,,,,,1441.227624739,3750.0,,,,,,,,,,,7195,,
,,,,,1746881729.4646325,,,,,,,15468,,0.0078125,,,,,,,,,,,,,,,,1441.227772394,,,,,,,,,,,,7208,,
,,,,,1746881733.9582572,,,,,,,15543,,,,,,,,,0.19298247,,,,,,,,,1441.228106678,,,,,,,,,,,,7237,,
8.065751e-05,,,,,1746881738.4510314,,,,,,,15618,,,,,,,,,,,,,,,,,,1441.228387489,,,,,,,,,,,,7262,,
,,,,,1746881738.45159,,,,,,,15618,,,,,,,,,,,,,12.3437805,,,,,1441.228466709,,,,,,,,,,,,7269,,
,,,,,1746881865.520532,,0.023733556,,,,,15699,,,,,,,,,,,,,,,,,,1561.248296505,,,,,,,,,,,,7284,,
,,,,,1746881874.4879491,,,,,,,15849,,,,,24.0,,,,,,,,,,,,,1561.249215801,,,,,,,,,,,,7357,,
,0.005523375,,,,1746881874.4888282,,,,,,,15849,,,,,,,,,,,,,,,,,,1561.249348292,,,,,,,,,,,,7369,,
,,,,,1746881878.975753,,,,,,,15924,,,,,,,,,,,,,,,,,,1561.249693066,,,,614400.0,,,,,,,,7398,,
,,,,,1746881883.4615457,,,,,,,15999,,,,,,,,,,0.9448819,,,,,,,,1681.269599685,,,,,,,,,,,,7447,,
,,,,,1746881888.0189278,,,,,,,16074,,,,,,,,,,,,,,,,,,1681.269881326,,,,,,,,,,,,7471,,0.0014648438
,,,,,1746881888.0205283,,,,,,,16074,,,,,,,,,,,,,,,0.0,,,1681.270090687,,,,,,,,,,,,7488,,
,,,,,1746881892.5016649,,,,,,,16149,,,,,,,,,,,,,,,,,,1681.270204713,,,,,,,,,,,152.0,7498,,
,,,,,1746881892.5017865,,,,4.0,,,16149,,,,,,,,,,,,,,,,,,1681.270248803,,,,,,,,,,,,7502,,
0.0036362812,,,,,1746881901.4677794,,,,,,,16299,,,,,,,,,,,,,,,,,,1681.272239107,,,,,,,,,,,,7578,,
,,,,,1746881901.4688673,,,,,,,16299,,,,,,,,,,,,,,,0.0,,,1681.272423848,,,,,,,,,,,,7593,,
,0.013023657,,,,1746881905.949913,,,,,,,16374,,,,,,,,,,,,,,,,,,1681.272670272,,,,,,,,,,,,7614,,
,,,,,1746881905.9513829,,,,,,,16374,,,,,,,,,,,,,,,,,,1681.272868923,,0.0,,,,,,,,,,7631,,
,,,,,1746881910.4345906,,,,,1689600.0,,16449,,,,,,,,,,,,,,,,,,1681.273094979,,,,,,,,,,,,7650,,
,,,,,1746881923.8929725,,,,,,,16674,,,,,,,,,,,,,,,,,,1681.274175208,,,,,,,,,,,72.0,7743,,
,,,,,1746881932.8693252,,,,,,,16824,,,,0.0003,,,,,,,,,,,,,,1681.275577946,,,,,,,,,,,,7820,,
,,,,,1746881937.3589363,,,,,,,16899,,,,,,,,,,0.44094488,,,,,,,,1681.276687508,,,,,,,,,,,,7867,,
,,,,,1746881941.846656,,,,,,,16974,,,,,,,,,,,,,,,,,,1681.276908378,,,,,,,,,0.0,,,7886,,
,,,,,1746881941.8490255,,,,,,,16974,,0.0078125,,,,,,,,,,,,,,,,1681.277177807,,,,,,,,,,,,7909,,
,,,,,1746881946.3365552,,,,4.0,,,17049,,,,,,,,,,,,,,,,,,1681.277328967,,,,,,,,,,,,7922,,
,,,,,1746881946.33846,,,,,,,17049,,,,,,,,,,,,,,,0.0,,,1681.277562001,,,,,,,,,,,,7943,,
,,,,,1746881950.8263326,,,,,,,17124,,,,,,,,,,0.6456693,,,,,,,,1681.277890858,,,,,,,,,,,,7972,,
,,,,,1746881955.3143399,,,,,,,17199,,,,,4.0,,,,,,,,,,,,,1681.278063578,,,,,,,,,,,,7987,,
,,,,,1746881955.3169973,,,,,,,17199,,,,,,,,,,,,,,,0.0,,,1681.278359097,,,,,,,,,,,,8013,,
,,,,,1746881959.8034687,,,,,,,17274,,,,,,,,,,,,,,,,1.306165,,1681.278439776,,,,,,,,,,,,8020,,
,,,,,1746881959.8053837,,,,,,,17274,,,,,,,,,0.0,,,,,,,,,1681.278703378,,,,,,,,,,,,8043,,
,,,,,1746881964.2929778,,,,,,,17349,,,,,,,,,,,,,,,,,,1681.278908352,,,,,,,,,0.0,,,8061,,
,,,,,1746881964.2932377,,,,,3532800.0,,17349,,,,,,,,,,,,,,,,,,1681.279245415,,,,,,,,,,,,8070,,
,,,,,1746881964.294026,,,,,,,17349,,,,,,,,,,0.4094488,,,,,,,,1681.279390579,,,,,,,,,,,,8077,,
,,,,,1746881968.783784,,,,,,,17424,,,,,,,,,,0.53543305,,,,,,,,1681.280371238,,,,,,,,,,,,8112,,
,,,,,1746881973.273347,,,,,,,17499,,,,,,,,,,,,,,,,,1.2300408,1681.280742078,,,,,,,,,,,,8143,,
,,,,,1746881982.2530673,,,,,,,17649,,,,,,,,,,,,,,,,,,1681.281375888,,,,,,,,,,,68.0,8198,,
,,,,,1746881982.2536905,,,,,,,17649,,,,0.0003,,,,,,,,,,,,,,1681.281454184,,,,,,,,,,,,8205,,
,,,,,1746881982.254441,,,,,,,17649,,,,,,,,,,,,,,,,,,1681.281522371,2025.0,,,,,,,,,,,8211,,
,,,,,1746881986.7413275,,,,,,,17724,,,,,,,,,,,,,,,,,,1681.281772154,,,,,,,,,,,56.0,8233,,
,,,,,1746881986.7433405,,,,,,,17724,,,,,,,,,,,,,,,,,,1681.282048536,,,,,,,,0.0,,,,8257,,
,,,,,1746881986.7439072,,,,,,,17724,,,,,,,0.009765625,,,,,,,,,,,1681.282107616,,,,,,,,,,,,8262,,
,,,,,1746881991.2306218,,,,,,,17799,,,,,,,,0.0,,,,,,,,,,1681.282242314,,,,,,,,,,,,8274,,
,,,,,1746881995.7197015,,,,,,,17874,,,,,,,,,,,,,,,,,,1681.282633678,,,,4608000.0,,,,,,,,8308,,
,,,,,1746881995.7209737,,,,,,,17874,,,,,,,,,,,,,5.276698,,,,,1681.282768489,,,,,,,,,,,,8320,,
,,,,,1746882000.2101955,,,,,,,17949,,,,,,,,,,,,,,,,,,1681.283445372,,,,,,,,,,,,8346,,0.027832031
,,,,,1746882004.6996703,,,,,,,18024,,,,,,,,,,,,,,,,,,1801.302544288,,,,,,,,,,,36.0,8373,,
,,,,,1746882009.1893346,,,,,,,18099,,,,,,,,,,,,,,,,,,1801.303043349,,,,5068800.0,,,,,,,,8413,,
,,,,,1746882013.681503,,,,,,,18174,,,,,,,,,,,,,,,0.0,,,1801.304063517,,,,,,,,,,,,8468,,
,,,,,1746882018.169322,,,,,,,18249,,,,,,,,,,,,,,,,,1.2327693,1801.304922782,,,,,,,,,,,,8493,,
,,,,,1746882027.1462996,,,,,,,18399,,,,,,,,,,,,,,,,7.814441,,1801.305564912,,,,,,,,,,,,8545,,
,,,,,1746882027.1463861,,,,,,,18399,,,,,,,,,,,,,,,,,,1801.30559928,,,,,,,,,,,44.0,8548,,
,,,,,1746882031.635954,,-1.1508143,,,,,18474,,,,,,,,,,,,,,,,,,1801.305973917,,,,,,,,,,,,8579,,
,,,,,1746882031.6371722,,,,,,,18474,,,,,,,,,,,1.5956969,,,,,,,1801.306211327,,,,,,,,,,,,8599,,
,,,,,1746882031.6383882,,,,,,,18474,,,,,,,0.087890625,,,,,,,,,,,1801.306363189,,,,,,,,,,,,8612,,
,,,,,1746882036.1276054,,,,,,,18549,0.3243243,,,,,,,,,,,,,,,,,1801.306685625,,,,,,,,,,,,8640,,
,,,,,1746882036.128066,,,,,,,18549,,0.0078125,,,,,,,,,,,,,,,,1801.306732085,,,,,,,,,,,,8644,,
,,,,,1746882040.6147661,,,,,,,18624,,,,,,,,,,,,,,,,7.429674,,1801.306801181,,,,,,,,,,,,8650,,
0.0091859065,,,,,1746882040.615798,,,,,,,18624,,,,,,,,,,,,,,,,,,1801.30694905,,,,,,,,,,,,8663,,
,,,,7.4514894,1746882040.6165223,,,,,,,18624,,,,,,,,,,,,,,,,,,1801.307047996,,,,,,,,,,,,8671,,
,,,,,1746882040.6165624,,,,,,,18624,,,,,,,,,,0.47244096,,,,,,,,1801.307060062,,,,,,,,,,,,8672,,
,,,,,1746882040.6166785,,,,,,,18624,,,,,,,,,,,,,,,,,,1801.307107306,,,,,,,,,,0.21052632,,8676,,
,,,,,1746882040.616705,,,,,,,18624,,,,,,,,,,,,,,,,,,1801.307120268,,,,,,,,0.0,,,,8677,,
,,,,,1746882045.1044557,,,,,,,18699,,,,0.0003,,,,,,,,,,,,,,1801.307321862,,,,,,,,,,,,8695,,
,,,,,1746882045.1057463,,,,,,,18699,,,,,,,,,0.05263158,,,,,,,,,1801.307479355,,,,,,,,,,,,8708,,
,,,,,1746882045.1065006,,,,,,,18699,,,,,,,0.1171875,,,,,,,,,,,1801.307578651,,,,,,,,,,,,8717,,
,,,,,1746882049.5919988,,,,4.0,,,18774,,,,,,,,,,,,,,,,,,1801.307922076,,,,,,,,,,,,8727,,
,,,,,1746882058.5669858,,,,,,,18924,,,,,,,,,,,,,,,,8.28469,,1801.309362438,,,,,,,,,,,,8790,,
,,,,,1746882058.5680647,,,,,6758400.0,,18924,,,,,,,,,,,,,,,,,,1801.309547355,,,,,,,,,,,,8805,,
,,,,,1746882063.05647,,,,,,,18999,,,-0.0019539546,,,,,,,,,,,,,,,1801.309988026,,,,,,,,,,,,8842,,
,,,,,1746882063.056968,,,,,,,18999,,,,,,,,,0.03508772,,,,,,,,,1801.31006982,,,,,,,,,,,,8848,,
,,,,,1746882067.5440474,,,,,,,19074,,,,,,,,,,,,,,,,,,1801.310249132,,,,,,,,,,,56.0,8863,,
,,,,,1746882067.544102,,,,,,56.0,19074,,,,,,,,,,,,,,,,,,1801.310270336,,,,,,,,,,,,8865,,
,,,,,1746882067.5441916,,,,,,,19074,,,,,,,,,,,,,,,,,,1801.310307903,,,,7065600.0,,,,,,,,8868,,
,,,,,1746882067.5450366,,,,,,,19074,,,,0.0003,,,,,,,,,,,,,,1801.310333898,,,,,,,,,,,,8870,,
,,,,,1746882072.031978,,,,,,,19149,,,,,,,,,,,,,,,,9.556841,,1801.310639283,,,,,,,,,,,,8895,,
,,,,,1746882072.0321167,,,,,,48.0,19149,,,,,,,,,,,,,,,,,,1801.310699494,,,,,,,,,,,,8900,,
,,,,,1746882072.032142,,,,,,,19149,,,,,,,,,,,,,,,,,,1801.310710538,,,,,,,,,0.0,,,8901,,
,,,,,1746882072.0329285,,,,,,,19149,,,,0.0003,,,,,,,,,,,,,,1801.310764624,,,,,,,,,,,,8905,,
,,,,,1746882072.0339768,,,,,,,19149,,,,,,,,,,,,,,,,,,1801.310982486,,,,,,,,0.0,,,,8922,,
,,,,,1746882076.521666,,,,,,,19224,,,,,,,,,,,,,,,,,,1801.311168349,,,,,,,,,0.0,,,8936,,
,,,,,1746882076.5226152,,,,,,,19224,,,,,,,,,,,,,,,,,,1801.311289345,3600.0,,,,,,,,,,,8946,,
,,,,,1746882081.0114565,,-1.4833362,,,,,19299,,,,,,,,,,,,,,,,,,1801.311500229,,,,,,,,,,,,8964,,
,,,160.0,,1746882085.5001795,,,,,,,19374,,,,,,,,,,,,,,,,,,1801.311915244,,,,,,,,,,,,9001,,
,,,,,1746882085.501251,,,,,,,19374,,,,,,,,,,,,,,,,,,1801.312362109,3750.0,,,,,,,,,,,9016,,
,,,128.0,,1746882090.0311968,,,,,,,19449,,,,,,,,,,,,,,,,,,1801.312875457,,,,,,,,,,,,9036,,
,,,,,1746882094.5229657,,,,,,,19524,,,,,,,,,,,,,,,,,,1801.313912083,,,,,,,,,,0.33333334,,9096,,
,,,,,1746882219.4843187,,,,,153600.0,,19605,,,,,,,,,,,,,,,,,,1921.331720469,,,,,,,,,,,,9121,,
,,,,,1746882224.0836399,,,,,,,19680,,,,,,,,,,,,,,,,,,1921.332059096,,,,307200.0,,,,,,,,9149,,
,,,,,1746882224.0845914,,,,,307200.0,,19680,,,,,,,,,,,,,,,,,,1921.332143269,,,,,,,,,,,,9156,,
,,,,,1746882224.0851345,,,,,,,19680,,,,,,,,,,0.48818898,,,,,,,,1921.332222583,,,,,,,,,,,,9163,,
,,,,,1746882228.6853154,,,,,,,19755,,,,,,,,,,,,,,,,,,1921.332654535,,,0.16740087,,,,,,,,,9200,,
,,,,,1746882228.685374,,,,,,,19755,,,,,,,,,,,,,,,,,,1921.332677364,,,,,,,,,,0.33333334,,9202,,
,,,,,1746882233.2832382,,0.04840494,,,,,19830,,,,,,,,,,,,,,,,,,1921.332765698,,,,,,,,,,,,9210,,
,,,,,1746882233.2849638,,,,,,,19830,,,,,,,,,,,,,5.5621476,,,,,1921.333016223,,,,,,,,,,,,9231,,
,,,,,1746882237.8854978,,,,,,,19905,,0.0078125,,,,,,,,,,,,,,,,1921.333530207,,,,,,,,,,,,9275,,
,,,,,1746882242.4845169,,,,,,,19980,,,,,,,,,,,,,,,,0.7034803,,2041.350510878,,,,,,,,,,,,9281,,
,,,,,1746882242.4845781,,,,,,,19980,,,,,8.0,,,,,,,,,,,,,2041.35072308,,,,,,,,,,,,9283,,
,,,,,1746882242.4864218,,,,,,,19980,,,,,,,,,,0.4566929,,,,,,,,2041.351765544,,,,,,,,,,,,9303,,
0.0071872813,,,,,1746882247.0868201,,,,,,,20055,,,,,,,,,,,,,,,,,,2041.352099237,,,,,,,,,,,,9329,,
,,,,,1746882247.088194,,,,,,,20055,,0.0078125,,,,,,,,,,,,,,,,2041.352296448,,,,,,,,,,,,9345,,
,,,,,1746882247.0882192,,,,,,,20055,,,,,,,,,,,,400.0,,,,,,2041.352308701,,,,,,,,,,,,9346,,
,,,,,1746882251.6873283,,,,,,,20130,,,,,,,,,,,,,,,,1.3433266,,2041.352368585,,,,,,,,,,,,9351,,
,,,144.0,,1746882251.6873584,,,,,,,20130,,,,,,,,,,,,,,,,,,2041.352379969,,,,,,,,,,,,9352,,
,,,,,1746882251.6895046,,,,,,,20130,,,,,,,,,,,,,,,,,,2041.352673295,,,,,,,,,,0.36842105,,9377,,
,,,,,1746882256.2913332,,,,,,,20205,,,,,,,,,,,,,,,,,1.0972669,2041.352985022,,,,,,,,,,,,9404,,
,,,,,1746882256.2919304,,,,,,,20205,,,,,,,,,,,,,,,,,,2041.353064645,,,0.14096916,,,,,,,,,9410,,
,,,,,1746882260.8941205,,,,,,,20280,0.23166023,,,,,,,,,,,,,,,,,2041.353476693,,,,,,,,,,,,9446,,
,,0.023086477,,,1746882260.8948991,,,,,,,20280,,,,,,,,,,,,,,,,,,2041.353569132,,,,,,,,,,,,9454,,
,0.010787875,,,,1746882265.4970706,,,,,,,20355,,,,,,,,,,,,,,,,,,2041.35375923,,,,,,,,,,,,9470,,
,,,,,1746882265.49713,,,,,,,20355,,,,,,,,,,,,,,,,,,2041.353781704,825.0,,,,,,,,,,,9472,,
,,,,,1746882270.100019,,,,,,,20430,,,,,8.0,,,,,,,,,,,,,2041.354025446,,,,,,,,,,,,9493,,
,,,,,1746882270.1001618,,,,5.0,,,20430,,,,,,,,,,,,,,,,,,2041.354256019,,,,,,,,,,,,9498,,
,,,,,1746882283.9143252,,,,,,,20655,,,,,,,,,,,,,,,,,,2041.356131149,,,,,,,,,20.0,,,9602,,
,,,,2.1777987,1746882283.9158468,,,,,,,20655,,,,,,,,,,,,,,,,,,2041.356303627,,,,,,,,,,,,9617,,
,,,,,1746882288.519442,,,,5.0,,,20730,,,,,,,,,,,,,,,,,,2041.356545221,,,,,,,,,,,,9638,,
,,,,,1746882288.5202842,,,,,2457600.0,,20730,,,,,,,,,,,,,,,,,,2041.356637065,,,,,,,,,,,,9646,,
,,,84.0,,1746882297.7288787,,,,,,,20880,,,,,,,,,,,,,,,,,,2041.357281878,,,,,,,,,,,,9702,,
,,,,,1746882297.7289329,,,,,,,20880,,,,,,,,,,,,,,,,,,2041.357303692,,,,,,,,,,,96.0,9704,,
,,,,,1746882306.9405599,,,,,,,21030,,0.0078125,,,,,,,,,,,,,,,,2041.359353111,,,,,,,,,,,,9800,,
,,,,4.3250227,1746882311.5434508,,,,,,,21105,,,,,,,,,,,,,,,,,,2041.359673476,,,,,,,,,,,,9827,,
,,,,,1746882316.1472123,,,,,,,21180,,,,0.0003,,,,,,,,,,,,,,2041.359948537,,,,,,,,,,,,9851,,
,,,,,1746882316.1485379,,,,,,,21180,,,,,,,,,,,,,,,0.0,,,2041.360159154,,,,,,,,,,,,9869,,
,,,,,1746882320.7499814,,,,5.0,,,21255,,,,,,,,,,,,,,,,,,2041.360317524,,,,,,,,,,,,9883,,
,,,,,1746882320.7505426,,,,,,,21255,,,,,,,,,,,,,,0.01953125,,,,2041.360374423,,,,,,,,,,,,9888,,
,,,,,1746882325.356125,,,,,,,21330,,,,,,,,,,,,,,,,,,2041.36098006,,25.126953,,,,,,,,,,9942,,
,,,,,1746882329.9591386,,,,,,,21405,,,,,,,,,,,,,4.731825,,,,,2041.36125941,,,,,,,,,,,,9966,,
,,,,,1746882339.1656907,,,,,,,21555,,,,,,,,,,,,,,,,,,2041.362133256,,,,,,,,,,,92.0,10019,,
,,,,,1746882343.7704842,,,,,,,21630,,,-0.0012524447,,,,,,,,,,,,,,,2041.363361684,,,,,,,,,,,,10068,,
,,,,,1746882343.7705371,,,,,,,21630,,,,,,,,,,,2.3321419,,,,,,,2041.36338443,,,,,,,,,,,,10070,,
,,,,,1746882348.3743074,,,,,,,21705,,,,,,,,,,,,,,,,,,2041.363698364,,,,,,,,,,,,10097,,0.03564453
,0.012775344,,,,1746882348.3743966,,,,,,,21705,,,,,,,,,,,,,,,,,,2041.363733688,,,,,,,,,,,,10100,,
,,,,,1746882352.9816566,,,,,,,21780,,,,,,,,,,0.22047244,,,,,,,,2041.364220578,,,,,,,,,,,,10143,,
,,,,,1746882357.5853155,,,,,,,21855,,,,,,,,,,,,,,,,,,2041.364548013,2325.0,,,,,,,,,,,10172,,
,,,,,1746882357.5853686,,,,,,,21855,,,,,,,,,,,,,,,,,1.0547917,2041.364569402,,,,,,,,,,,,10174,,
,,,,,1746882362.1898916,,,,,,,21930,,,,,,,,,,,,,,,,,,2161.383479154,,,,4915200.0,,,,,,,,10199,,
,,,56.0,,1746882366.7943206,,,,,,,22005,,,,,,,,,,,,,,,,,,2161.383829775,,,,,,,,,,,,10227,,
,,,,,1746882366.7944415,,,,,,64.0,22005,,,,,,,,,,,,,,,,,,2161.383875099,,,,,,,,,,,,10231,,
,,,,,1746882366.7945604,,,,,,,22005,,,,,,,,0.0,,,,,,,,,,2161.383921631,,,,,,,,,,,,10235,,
,,,,,1746882366.7954872,,,,,5068800.0,,22005,,,,,,,,,,,,,,,,,,2161.383991191,,,,,,,,,,,,10241,,
,,,,,1746882366.7960327,,,,,,,22005,,,,,,,,,,0.22047244,,,,,,,,2161.384081747,,,,,,,,,,,,10248,,
,,,,,1746882366.7971218,,,,,,,22005,,,,,,,0.14648438,,,,,,,,,,,2161.384197819,,,,,,,,,,,,10258,,
,,,,,1746882371.3999481,,,,,,,22080,,,,,,,,,,,,,,0.047851562,,,,2161.384371735,,,,,,,,,,,,10273,,
,0.016626311,,,,1746882371.4000027,,,,,,,22080,,,,,,,,,,,,,,,,,,2161.384394502,,,,,,,,,,,,10275,,
,,,,,1746882376.0052695,,,,,,,22155,,,,,,,,,,,,,,,,,0.9985162,2161.384839749,,,,,,,,,,,,10314,,
,,,,,1746882385.213158,,,,,,,22305,,,,,,,,,,,,,,,,,,2161.385500516,,,,,,,,,,,80.0,10369,,
,,,,,1746882389.817935,,,,,,,22380,,,,,,,,,,,,,,,,,,2161.386802391,,,,,,,,,,,,10412,,0.049804688
,,,,8.529686,1746882389.8185074,,,,,,,22380,,,,,,,,,,,,,,,,,,2161.387264197,,,,,,,,,,,,10422,,
,,,,,1746882394.4243777,,,,,,,22455,,0.0078125,,,,,,,,,,,,,,,,2161.387802559,,,,,,,,,,,,10465,,
,,,,,1746882399.0277963,,,,,,,22530,,,,,,,,0.0,,,,,,,,,,2161.387982144,,,,,,,,,,,,10480,,
,,,,,1746882403.6345084,,,,,,,22605,,,,,,,,,,,,,,,,,,2161.388617131,,,,,,,,,,0.3157895,,10532,,
,,,,,1746882408.2392976,,,,,,,22680,,,,,,,,,,,,,,,,,,2161.389057623,,,,,,,,,,0.36842105,,10567,,
,,,,,1746882412.843064,,,,,,,22755,,,,,,,,,,,,,,,,,,2161.389232787,,,,,,,,,72.0,,,10582,,
,,,,,1746882412.8446138,,,,,,,22755,,,,,,,,,,0.14173228,,,,,,,,2161.389411324,,,,,,,,,,,,10598,,
,,,,,1746882417.4477327,,,,,,76.0,22830,,,,,,,,,,,,,,,,,,2161.389618026,,,,,,,,,,,,10616,,
,,,,,1746882417.4485505,,,,,,,22830,,,,,,,,,,,,,,0.047851562,,,,2161.389698679,,,,,,,,,,,,10623,,
,,,,,1746882422.0529635,,,,,6912000.0,,22905,,,,,,,,,,,,,,,,,,2161.390137758,,,,,,,,,,,,10661,,
,,,,,1746882426.6566873,,,,,,,22980,,,,,,,,,,,,,,,,,,2161.391045453,,,,,,,,,,,,10692,,0.061035156
,,,,,1746882426.6571553,,,,,,,22980,,,-0.0008398462,,,,,,,,,,,,,,,2161.391448876,,,,,,,,,,,,10698,,
,,,,,1746882426.6585853,,,,,,,22980,,,,,,,,,,,,400.0,,,,,,2161.391611057,,,,,,,,,,,,10711,,
,,,,,1746882431.2618074,,,,,,,23055,,,,,,,,,,,,,,,,,,2161.391717569,,,,,,,,,,,,10720,76.0,
,,,,,1746882431.2619505,,,,,,,23055,,,,,,,,0.0,,,,,,,,,,2161.391774699,,,,,,,,,,,,10725,,
,,,,,1746882431.2624867,,,,,,,23055,,,,0.0003,,,,,,,,,,,,,,2161.391786768,,,,,,,,,,,,10726,,
,,,,,1746882435.867344,,,,,,,23130,,,,,8.0,,,,,,,,,,,,,2161.392107517,,,,,,,,,,,,10753,,
,,,,,1746882435.8693926,,,,,,,23130,,,,,,,,,0.03508772,,,,,,,,,2161.392344766,,,,,,,,,,,,10774,,
,,,,,1746882445.0790663,,,,,,,23280,,,,,,,,,,,,,,,,,,2161.393184599,,,,,,,,,,0.28070176,,10847,,
,,,,,1746882449.6838439,,,,,,,23355,,,,,,,,,,,,,,0.07763672,,,,2161.393423858,,,,,,,,,,,,10868,,
,,,,,1746882449.6851256,,,,,,,23355,,,,,,,,,,,,,,,,,,2161.393595949,,,,,,,,0.3686636,,,,10883,,
,,,,,1746882449.6854737,,,,,,,23355,,,,,,,,,,,,,,,,,,2161.393639522,,81.29883,,,,,,,,,,10887,,
,,,,,1746882454.29002,,-2.2454739,,,,,23430,,,,,,,,,,,,,,,,,,2161.393674649,,,,,,,,,,,,10890,,
